3175 4800
1426 379 1710 429 95—103.
2512 378 2638 444 101

676 538 1105 623 Posteaquam
1151 561 1186 602 e
1231 542 1426 622 portu
1471 538 1716 621 piratae
1753 559 1887 602 non
1922 542 2099 602 metu
2137 538 2354 623 aliquo
2393 539 2646 623 adfecti,

499 646 611 711 sed
673 646 966 710 satietate
1030 645 1351 728 exierunt,
1408 649 1549 709 tum
1616 648 2037 727 coeperunt
2092 667 2459 730 quaerere
2512 646 2644 711 ho-

482 753 736 819 mines
785 774 1089 817 causam
1125 752 1301 816 illius
1339 754 1557 817 tantae
1597 750 2082 816 calamitatis,
2147 751 2375 817 Dicere
2424 776 2643 819 omnes

497 865 562 924 et
615 860 830 944 palam
877 859 1204 943 disputare
1251 858 1514 924 minime
1562 880 1700 923 esse
1746 858 2138 942 mirandum,
2193 858 2249 923 si
2291 860 2643 945 remigibus

443 986 467 1026 5
496 966 939 1050 militibusque
995 967 1303 1051 dimissis,
1356 965 1620 1048 reliquis
1682 969 1965 1051 egestate
2026 970 2091 1030 et
2140 965 2309 1030 fame
2357 966 2644 1051 perditis,

495 1078 794 1158 praetore
848 1077 950 1139 tot
995 1074 1128 1138 dies
1178 1096 1324 1139 cum
1370 1071 1763 1137 mulierculis
1811 1076 2191 1156 perpotante
2236 1077 2418 1138 tanta
2462 1074 2643 1160 igno-

499 1181 698 1245 minia
746 1184 808 1246 et
856 1181 1184 1246 calamitas
1226 1184 1394 1246 esset
1431 1183 1711 1263 accepta.
1784 1178 1963 1244 Haec
2000 1183 2216 1244 autem
2253 1179 2439 1245 istius
2478 1181 2642 1245 vitu·

497 1288 744 1371 peratio
792 1292 985 1371 atque
1031 1288 1298 1353 infamia
1346 1287 1849 1353 confirmabatur
1895 1308 2117 1351 eorum
2165 1307 2484 1371 sermone,
2531 1289 2643 1372 qui

496 1418 534 1459 a
595 1395 727 1460 ’suis
786 1396 1154 1460 civitatibus
1214 1395 1342 1459 illis
1403 1394 1675 1459 navibus
1737 1393 2091 1478 praepositi
2153 1394 2425 1459 fuerant.
2517 1394 2643 1471 Qui

418 1520 468 1559 ιο
497 1524 578 1566 ex
621 1502 734 1566 illo
781 1524 1049 1567 numero
1087 1502 1321 1585 reliqui
1359 1501 1706 1586 Syracusas
1747 1502 1948 1566 classe
1986 1501 2220 1566 amissa
2255 1501 2643 1587 refugerant,

495 1608 826 1692 dicebant,
885 1613 1047 1692 quot
1106 1631 1185 1673 ex
1247 1628 1362 1672 sua
1419 1608 1691 1691 quisque
1745 1630 1907 1671 nave
1963 1607 2192 1672 missos
2250 1610 2440 1673 sciret
2487 1631 2641 1673 esse.

496 1714 623 1779 Res
671 1720 807 1780 erat
853 1715 1047 1797 clara,
1095 1737 1302 1799 neque
1349 1714 1558 1780 solum
1599 1714 2024 1800 argumentis,
2069 1715 2180 1779 sed
2219 1714 2411 1779 etiam
2451 1716 2639 1780 certis

496 1822 769 1887 testibus
826 1822 1010 1887 istius
1068 1822 1333 1888 audacia
1385 1822 1740 1887 tenebatur.
1832 1820 2048 1886 Homo
2107 1822 2341 1887 certior
2394 1824 2471 1887 fit
2517 1823 2641 1909 agi

494 1928 697 1992 nihil
755 1929 832 1993 in
885 1929 1052 1995 foro
1110 1934 1175 1994 et
1221 1932 1541 1994 conventu
1597 1932 1736 1992 toto
1785 1929 1887 1994 die
1941 1929 2095 1993 nisi
2149 1930 2320 2014 hoc,
2376 1931 2639 2013 quaeri

415 2056 465 2096 ιε
494 2057 583 2100 ex
627 2036 1066 2121 nauarchis,
1113 2059 1328 2120 quem
1378 2036 1466 2100 ad
1513 2036 1813 2100 modum
1862 2037 2136 2100 classis
2185 2037 2287 2101 sit
2333 2038 2637 2121 amissa3

493 2142 640 2207 illos
687 2144 1073 2226 respondere
1113 2149 1177 2208 et
1215 2145 1440 2208 docere
1477 2165 1679 2206 unum
1720 2163 2067 2226 quemque,
2113 2125 2417 2207 missione
2453 2143 2640 2207 remi·

493 2269 677 2332 gum,
723 2249 892 2313 fame
937 2251 1360 2332 reliquorum,
1408 2247 1765 2313 Cleomenis
1812 2248 2044 2313 timore
2091 2253 2155 2313 et
2197 2248 2369 2335 fuga.
2454 2249 2639 2327 Quod

491 2358 912 2439 posteaquam
997 2356 1143 2421 iste
1217 2356 1549 2443 cognovit,
1629 2355 1822 2421 hanc
1901 2356 2277 2421 rationem
2358 2356 2637 2422 habere

494 2462 765 2546 coepit.
859 2463 1131 2529 Causam
1189 2464 1312 2529 sibi
1366 2452 1701 2530 dicendam
1747 2485 1885 2528 esse
1932 2467 2244 2528 statuerat
2289 2464 2417 2529 iam
2464 2470 2638 2530 ante-

413 2591 466 2630 20
496 2584 688 2653 quam
744 2571 870 2636 hoc
923 2593 1046 2637 usu
1092 2572 1296 2655 venit,
1354 2572 1447 2636 ita
1490 2576 1566 2636 ut
1611 2572 1826 2654 ipsum
1871 2571 2084 2658 priore
2131 2571 2382 2636 actione
2428 2571 2636 2638 dicere

492 2677 778 2743 audistis.
870 2678 1153 2744 Videbat
1224 2679 1352 2744 illis
1426 2679 1769 2744 nauarchis
1842 2679 2117 2744 testibus
2192 2682 2446 2745 tantum
2509 2679 2635 2745 hoc

492 2785 733 2848 crimen
780 2786 1092 2850 sustinere
1151 2807 1216 2850 se
1273 2787 1453 2850 nullo
1511 2785 1703 2850 modo
1761 2807 1966 2868 posse.
2061 2785 2415 2851 Consilium
2464 2788 2636 2871 capit

492 2890 700 2971 primo
749 2891 1050 2981 stultum,
1093 2912 1317 2954 verum
1364 2896 1583 2955 tamen
1639 2893 1933 2956 clemens.
2015 2891 2393 2957 Nauarchos
2441 2893 2519 2956 ad
2568 2916 2635 2957 se

491 2996 731 3077 vocari,
778 2996 984 3080 iubet3
1038 2996 1322 3062 veniunt.
1412 2995 1697 3062 Accusat
1742 3018 1850 3062 eos
1860 3047 1879 3082 ,
1934 2998 2104 3081 quod
2152 2998 2287 3063 eius
2335 2999 2511 3065 modi
2557 3000 2634 3064 de

410 3123 462 3163 25
493 3123 559 3167 se
597 3124 920 3168 sermones
958 3103 1328 3188 habuerint3
1373 3107 1625 3190 rogat,
1660 3108 1744 3169 ut
1780 3104 1857 3168 in
1894 3125 2026 3169 sua
2065 3106 2391 3189 quisque
2428 3105 2634 3171 dicat

488 3211 664 3275 navi
745 3233 821 3276 se
911 3214 1209 3276 tantum
1293 3211 1657 3276 habuisse
1748 3215 2176 3296 nautarum,
2268 3217 2633 3296 quantum

492 3304 958 3401 oportuerit,
1002 3340 1210 3401 neque
1259 3339 1648 3402 quemquam
1688 3341 1824 3383 esse
1871 3319 2225 3385 dimissum.
2308 3319 2413 3384 Illi
2461 3322 2631 3385 enim

488 3446 639 3488 vero
697 3445 765 3488 se
823 3425 1198 3509 ostendunt,
1252 3426 1425 3510 quod
1472 3428 1694 3509 vellet,
1748 3447 1885 3491 esse
1930 3427 2231 3491 facturos,
2322 3425 2453 3492 Iste
2498 3451 2631 3493 non

486 3531 942 3616 procrastinat,
987 3532 1259 3597 advocat
1304 3533 1543 3598 amicos
1592 3533 1838 3617 statim3
1885 3534 2135 3617 quaerit
2179 3555 2259 3598 ex
2294 3534 2371 3597 iis
2411 3533 2631 3619 singil-

410 3660 462 3700 so
488 3638 700 3721 latim,
775 3643 935 3722 quot
1008 3638 1278 3723 quisque
1350 3645 1578 3705 nautas
1653 3638 1978 3725 habuerit}
2058 3640 2390 3724 respondit
2462 3664 2627 3706 unus

490 3746 788 3830 quisque,
842 3751 915 3810 ut
972 3751 1108 3811 erat
1159 3751 1601 3831 praeceptum3
1655 3748 1776 3812 iste
1823 3748 1892 3812 in
1935 3749 2188 3812 tabulas
2242 3747 2465 3832 refert,
2519 3751 2629 3814 ob-

487 3854 701 3938 signat
760 3853 960 3939 signis
1022 3855 1372 3919 amicorum
1432 3855 1774 3939 providens
1833 3855 2030 3920 homo
2040 3905 2058 3939 ,
2116 3859 2191 3921 ut
2237 3859 2460 3921 contra
2502 3856 2629 3922 hoc

487 3961 755 4045 crimen,
801 3961 858 4025 si
904 3962 1158 4045 quando
1208 3984 1369 4046 opus
1417 3967 1612 4046 esset,
1664 3962 1787 4028 hac
1833 3963 2131 4028 videlicet
2175 3963 2625 4028 testificatione

487 4072 789 4133 uteretur.
880 4067 1182 4134 Derisum
1237 4091 1374 4134 esse
1430 4070 1618 4134 credo
1666 4069 1995 4135 hominem
2042 4074 2361 4135 amentem
2409 4092 2446 4132 a
2491 4068 2622 4132 suis

409 4194 459 4234 86
489 4174 864 4240 consiliariis
939 4179 1003 4240 et
1076 4176 1475 4241 admonitum
1548 4177 1741 4242 hasce
1816 4177 1875 4241 ei
1937 4177 2189 4241 tabulas
2253 4174 2418 4238 nihil
2480 4196 2624 4257 pro-

2681 1196 2780 1245 101

2676 2907 2774 2956 102

2666 4084 2764 4133 103
