3175 4800
459 1296 526 1344 65

456 3010 575 3058 66*

566 370 653 433 42
1221 367 1312 421 III.
1353 367 1436 421 De
1458 367 1667 436 signis.
1725 368 2052 438 (Auswahl.)

567 530 769 594 mium
825 552 900 595 ac
957 530 1461 614 pulcherrimum
1517 530 1758 594 donum
1816 530 1886 594 in
1931 529 2321 615 Capitolium
2369 531 2711 597 adferrent.

566 635 866 701 Pervenit
921 658 1023 701 res
1085 638 1165 701 ad
1223 636 1409 701 istius
1466 636 1637 700 auris
1682 637 1899 702 nescio
1949 658 2076 720 quo
2123 638 2344 722 modo;
2402 662 2554 704 nam
2597 663 2714 704 rex

566 743 632 807 id
698 746 974 808 celatum
1037 745 1356 827 voluerat,
1417 765 1551 807 non
1616 765 1743 826 quo
1814 745 2157 828 quicquam
2221 749 2536 811 metueret
2599 751 2710 811 aut

567 852 1028 935 suspicaretur,
1091 851 1203 915 sed
1266 855 1341 915 ut
1411 873 1494 914 ne
1565 851 1757 915 multi
1821 852 1982 916 illud
2051 855 2199 917 ante
2270 854 2711 937 praeciperent

566 959 768 1022 oculis
830 979 1024 1041 quam
1083 958 1362 1041 populus
1422 955 1771 1022 Romanus.
1854 956 2012 1022 Iste
2074 959 2271 1042 petit
2326 983 2364 1024 a
2416 982 2600 1045 rege
2646 965 2769 1025 etr>

566 1086 712 1128 eum
757 1064 1052 1148 pluribus
1097 1064 1310 1129 verbis
1355 1068 1571 1149 rogat,
1617 1068 1701 1129 ut
1746 1064 1821 1128 id
1868 1065 1955 1129 ad
2004 1086 2081 1130 se
2126 1066 2419 1149 mittat3
2480 1088 2710 1151 cupere

565 1152 656 1235 se‘
693 1170 851 1237 dicit
906 1171 1221 1255 inspicere
1274 1191 1483 1253 neque
1531 1192 1599 1235 se
1646 1171 1787 1235 aliis
1819 1172 2095 1248 *videndi
2138 1176 2527 1257 potestatem
2573 1195 2710 1238 esse

563 1278 902 1343 facturum.
1006 1276 1480 1361 Antiochus,
1544 1278 1657 1360 qui
1716 1279 1930 1343 animo
1992 1283 2057 1344 et
2118 1281 2352 1364 puerili
2416 1285 2583 1346 esset
2647 1284 2711 1344 et

561 1386 771 1470 regi0,
827 1385 1030 1450 nihil
1075 1386 1152 1449 de
1197 1384 1384 1450 istius
1430 1384 1846 1469 improbitate
1893 1386 2333 1471 suspicatus
2396 1391 2534 1470 est3
2594 1387 2709 1451 im-

445 1485 452 1494 ’
563 1496 747 1576 perat
805 1492 965 1576 suis,
1023 1496 1098 1556 ut
1155 1492 1222 1555 id
1280 1492 1350 1556 in
1407 1492 1803 1575 praetorium
1847 1492 2213 1558 involutum
2261 1515 2454 1577 quam
2502 1495 2711 1558 occul-
2740 1514 2798 1554 10

562 1598 808 1662 tissime
838 1599 1171 1664 deferrent.
1229 1597 1370 1676 Quo
1399 1604 1823 1684 posteaquam
1851 1602 2207 1666 attulerunt
2233 1601 2710 1684 involucrisque

562 1706 814 1770 reiectis
883 1707 1384 1790 constituerunt,
1449 1708 1723 1771 clamare
1786 1708 1911 1771 iste
1978 1709 2190 1793 coepit
2255 1709 2514 1794 dignam
2573 1730 2710 1772 rem

567 1834 704 1876 esse
762 1835 962 1898 regno
1022 1812 1272 1898 Syriae,
1332 1813 1593 1898 dignam
1640 1814 1818 1898 regio
1866 1837 2160 1899 munere,
2219 1815 2480 1900 dignam
2529 1814 2711 1899 Capi-

563 1919 741 1983 tolio.
833 1920 1093 1984 Etenim
1154 1925 1290 1985 erat
1350 1942 1424 1984 eo
1488 1920 1854 2002 splendore,
1915 1922 2026 2002 qui
2086 1944 2166 1984 ex
2220 1922 2589 1985 clarissimis
2646 1924 2710 1984 et

563 2026 1010 2109 pulcherrimis
1072 2027 1344 2112 gemmis
1405 2047 1542 2090 esse
1603 2024 1904 2109 debebat,
1950 2049 2024 2090 ea
2068 2028 2375 2091 varietate
2424 2048 2709 2110 operum,
2737 2044 2793 2086 15

562 2137 637 2197 ut
696 2155 796 2198 ars
859 2139 1100 2199 certare
1150 2135 1474 2199 videretur
1520 2154 1667 2197 cum
1715 2130 1926 2216 copia,
1986 2155 2060 2197 ea
2105 2132 2576 2218 magnitudine,
2635 2135 2708 2196 ut

562 2240 851 2326 intellegi
896 2244 1116 2326 posset
1159 2264 1293 2305 non
1338 2241 1418 2305 ad
1463 2239 1803 2303 hominum
1850 2242 2258 2322 apparatum,
2295 2240 2406 2304 sed
2452 2240 2533 2304 ad
2579 2262 2708 2303 am-
2835 2318 2840 2324 .

561 2347 836 2430 plissimi
898 2348 1128 2431 templi
1193 2350 1490 2412 ornatum
1557 2366 1695 2409 esse
1759 2345 2023 2410 factum.
2134 2343 2295 2410 Cum
2360 2347 2513 2411 satis
2577 2346 2707 2409 iam

560 2456 960 2539 perspexisse
997 2455 1346 2536 videretur,
1391 2453 1672 2516 tollere
1719 2451 2135 2536 incipiunt,
2178 2457 2262 2517 ut
2305 2452 2705 2516 referrent.

561 2559 692 2625 Iste
757 2563 848 2625 ait
912 2583 979 2625 se
1043 2561 1207 2624 velle
1270 2558 1433 2622 illud
1499 2558 1694 2622 etiam
1758 2561 1951 2641 atque
2017 2559 2209 2623 etiam
2277 2558 2705 2642 considerare3
2733 2578 2791 2620 so

560 2689 968 2751 nequaquam
1015 2687 1082 2730 se
1129 2686 1266 2728 esse
1313 2664 1646 2747 satiatum3
1704 2663 1921 2728 iubet
1965 2665 2148 2729 illos
2197 2665 2587 2731 discedere
2634 2669 2707 2729 et

563 2772 1103 2837 candelabrum
1148 2771 1605 2853 relinquere.
1699 2769 1806 2836 Sic
1852 2771 1949 2835 illi
1995 2775 2135 2837 tum
2180 2772 2403 2836 inanes
2451 2773 2532 2836 ad
2576 2770 2707 2836 An-

560 2879 849 2944 tiochum
895 2882 1322 2943 revertuntur.
2573 2883 2580 2888 ’

739 2984 880 3049 Rex
921 2985 1132 3069 primo
1177 2985 1344 3050 nihil
1388 2988 1702 3069 metuere,
1745 2984 1912 3049 nihil
1957 2984 2297 3072 suspicari3
2342 2973 2475 3050 dies
2522 3008 2730 3072 unus,-

560 3094 747 3177 alter,
804 3096 1050 3179 plures3
1108 3116 1242 3159 non
1297 3093 1538 3157 referri.
1648 3092 1815 3157 Tum
1872 3093 2075 3157 mittit
2082 3134 2107 3176 ,-
2170 3092 2223 3156 si
2283 3092 2577 3158 videatur
2631 3096 2706 3156 ut
2732 3111 2789 3152 25

559 3200 800 3264 reddat.
891 3199 1114 3266 Iubet
1168 3201 1319 3264 iste
1380 3199 1770 3283 posterius
1818 3199 1906 3263 ad
1954 3219 2030 3262 se
2073 3200 2377 3264 reverti.
2469 3199 2705 3264 Mirum

560 3307 657 3371 illi
692 3308 946 3391 'videri3
1006 3308 1209 3372 mittit
1267 3306 1528 3389 iterum3
1585 3326 1721 3369 non
1776 3305 2080 3370 redditur.
2171 3304 2317 3389 Ipse
2374 3306 2704 3396 hominem

561 3416 871 3499 appellat,
926 3418 1143 3499 rogat,
1201 3419 1276 3477 ut
1318 3412 1560 3476 reddat.
1636 3409 1731 3477 Os‘
1768 3411 2049 3476 hominis
2095 3412 2544 3498 insignemque
2589 3413 2704 3475 im-

561 3522 936 3607 pudentiam
997 3521 1381 3606 cognoscite.
1475 3516 1661 3595 Quod
1723 3518 1942 3602 sciret,
2002 3519 2175 3602 quod
2231 3541 2312 3583 ex
2364 3519 2506 3602 ipso
2553 3540 2703 3603 rege

562 3631 844 3695 audisset
901 3630 971 3692 in
1017 3627 1333 3711 Capitolio
1395 3648 1532 3691 esse
1592 3626 1992 3710 ponendum,
2051 3624 2224 3709 quod
2267 3624 2409 3690 Iovi
2456 3625 2702 3709 optimo
2730 3646 2787 3686 so

561 3739 871 3820 maximo,
918 3736 1090 3820 quod
1134 3736 1378 3819 populo
1417 3732 1711 3799 Romano
1760 3733 1998 3798 servari
2042 3733 2313 3817 videret,
2358 3733 2425 3796 id
2471 3733 2597 3798 sibi
2632 3736 2705 3797 ut

563 3846 854 3926 donaret,
915 3864 1143 3928 rogare
1203 3845 1267 3906 et
1323 3841 1885 3906 vehementissime
1943 3844 2160 3923 petere
2221 3840 2450 3924 coepit.
2543 3837 2703 3902 Cum

561 3952 669 4015 ille
729 3972 797 4016 se
859 3954 923 4015 et
979 3949 1290 4035 religione
1347 3946 1520 4012 Iovis
1568 3945 1915 4031 Capitolini
1975 3951 2040 4012 et
2095 3947 2435 4012 hominum
2491 3943 2704 4009 existi·

560 4060 844 4124 matione
908 4057 1207 4142 impediri
1271 4055 1537 4137 diceret,
1602 4053 1774 4136 quod
1838 4054 2078 4119 multae
2149 4054 2444 4118 nationes
2507 4054 2703 4118 testes

561 4171 773 4232 essent
835 4167 1009 4231 illius
1075 4163 1284 4250 operis
1350 4184 1423 4227 ac
1488 4160 1798 4244 muneris,
1860 4160 2008 4224 iste
2072 4161 2366 4225 homini
2429 4159 2704 4226 minari
2732 4178 2794 4220 ετ».
