3175 4800
1394 403 1463 452 56
1477 429 1544 437 -
1560 403 1646 451 63.
2159 400 2164 404 ·
2531 400 2617 465 89

466 564 712 631 civibus
751 563 882 629 suis
918 562 1201 627 rationes
1238 562 1474 633 referre
1514 561 1789 626 debebat
1827 564 1892 626 et
1928 561 1998 625 in
2042 560 2158 625 illo
2201 561 2378 626 omni
2422 583 2618 646 nego-

462 672 556 737 tio
603 693 736 736 non
780 670 973 736 modo
1019 669 1269 751 labore,
1324 667 1433 734 sed
1481 668 1678 732 etiam
1722 668 2009 752 periculo
2057 691 2175 734 suo
2222 668 2614 733 versabatur.

462 778 623 843 Erat
685 777 839 862 hoc,
902 780 977 842 ut
1041 775 1184 842 dico
1196 824 1216 859 ,
1277 775 1645 841 factitatum
1719 773 2002 862 semper)
2072 797 2193 840 nec
2267 776 2477 839 solum
2549 775 2617 840 in

464 884 711 968 Sicilia,
766 884 875 950 sed
924 884 995 948 in
1039 883 1340 948 omnibus
1387 881 1769 966 provinciis,
1826 882 2021 946 etiam
2068 881 2139 946 in
2182 882 2507 948 sociorum
2554 886 2618 947 et

411 1014 434 1053 ⁵
461 992 842 1057 Latinorum
890 990 1210 1075 stipendio
1249 1011 1324 1056 ac
1361 993 1655 1073 sumptu,
1698 993 1841 1054 tum
1878 1011 2026 1056 cum
2061 990 2324 1055 illorum
2362 989 2616 1053 auxiliis

461 1099 560 1164 uti
616 1098 1009 1181 solebamus3
1069 1097 1342 1164 Verres
1397 1099 1548 1181 post
1602 1096 1945 1180 imperium
1993 1095 2419 1161 constitutum
2463 1096 2617 1180 pri-

463 1227 625 1271 mus
672 1204 1123 1289 imperavit,
1167 1209 1251 1268 ut
1297 1226 1381 1268 ea
1425 1204 1756 1289 pecunia
1793 1203 2040 1268 omnis
2079 1226 2117 1267 a
2155 1203 2615 1268 civitatibus

463 1312 615 1377 sibi
687 1312 1351 1395 adnumerantur,
1423 1314 1498 1375 ut
1561 1311 1826 1376 is'eam
1889 1310 2230 1395 pecuniam
2295 1313 2618 1394 tractaret,

462 1441 656 1503 quem
710 1419 851 1504 ipse
904 1418 1334 1504 praefecisset.
1427 1417 1547 1482 Cui
1602 1422 1821 1502 potest
1875 1439 2013 1484 esse
2069 1418 2367 1502 dubium,
2422 1440 2614 1503 quam
2654 1435 2718 1483 61

385 1549 437 1588 ιο
464 1527 546 1592 ob
604 1550 741 1593 rem
804 1529 871 1591 et
930 1526 1222 1590 omnium
1282 1525 1816 1590 consuetudinem
1860 1530 2143 1590 veterem
2197 1527 2444 1610 primus
2500 1527 2616 1590 im-

462 1633 731 1698 mutaris
770 1636 836 1699 et
872 1637 1123 1698 tantam
1158 1632 1509 1697 utilitatem
1547 1653 1664 1715 per
1700 1632 1861 1696 alios
1899 1633 2270 1698 tractandae
2306 1634 2616 1717 pecuniae

461 1740 818 1826 neglexeris
859 1743 923 1805 et
960 1743 1207 1804 tantam
1248 1738 1698 1803 difficultatem
1737 1760 1885 1804 cum
1924 1738 2217 1823 crimine,
2253 1738 2615 1805 molestiam

464 1868 610 1911 cum
659 1845 1024 1931 suspicione
1071 1846 1471 1931 susceperis?
1552 1845 1803 1911 Deinde
1850 1846 1963 1911 alii
2009 1851 2313 1931 quaestus
2359 1847 2613 1911 institu-

461 1956 685 2037 untur,
731 1976 812 2018 ex
846 1975 977 2018 uno
1016 1975 1248 2039 genere
1284 1955 1499 2018 navali
1535 1954 1750 2019 videte
1791 1975 1985 2038 quam
2023 1954 2240 2019 multi!
2303 1952 2615 2038 Accipere

383 2080 433 2121 15
462 2084 500 2124 a
545 2060 913 2127 civitatibus
976 2061 1347 2145 pecuniam,
1407 2083 1489 2125 ne
1554 2064 1784 2125 nautas
1852 2062 2103 2144 darent,
2168 2062 2376 2144 pretio
2438 2065 2613 2126 certo

462 2168 692 2233 missos
738 2168 947 2233 facere
993 2172 1253 2250 nautas,
1296 2167 1644 2232 missorum
1693 2188 1883 2231 omne
1930 2167 2324 2253 stipendium
2359 2168 2616 2250 lucrari,

461 2274 755 2358 reliquis,
804 2273 975 2356 quod
1024 2273 1310 2357 deberet,
1355 2295 1488 2338 non
1536 2273 1686 2338 dare
1735 2309 1819 2318 —-
1866 2272 2025 2338 haec
2073 2273 2291 2338 omnia
2337 2293 2418 2338 ex
2463 2275 2614 2339 civi·

462 2383 674 2446 tatum
696 2379 1086 2447 testimoniis
1108 2380 1495 2468 cognoscite.
1543 2379 1787 2446 Recita.
1835 2379 2225 2446 Tasrmonu.
2255 2405 2614 2449 mmmmm.

461 2487 761 2554 Huncine
820 2488 1181 2572 hominem,
1242 2489 1515 2553 hancine
1574 2489 2049 2572 inpudentiam,
2111 2489 2383 2573 iudices,
2444 2489 2612 2555 hanc
2652 2507 2716 2554 62

383 2616 436 2655 20
466 2596 824 2661 audaciaml
914 2593 1397 2660 Civitatibus
1444 2618 1584 2680 pro
1642 2618 1954 2661 numero
2010 2596 2343 2660 militum
2389 2618 2614 2680 pecu-

460 2703 762 2768 niarum
812 2724 1143 2768 summas
1182 2702 1640 2784 discribere,
1687 2706 1933 2767 certum
1969 2703 2279 2788 pretium,
2317 2725 2610 2769 sescenos

461 2832 791 2893 nummos,
869 2814 1214 2875 nautarum
1296 2809 1623 2875 missionis
1706 2810 2121 2874 constituere!
2241 2810 2416 2887 Quos
2502 2812 2613 2894 qui

464 2917 751 3000 dederat,
790 2921 1220 2982 commeatum
1248 2916 1449 2981 totius
1480 2915 1742 2980 aestatis
1772 2916 2152 3000 abstulerat,
2197 2917 2375 3001 iste,
2414 2918 2613 3001 quod

465 3024 626 3089 eius
682 3027 961 3088 nautae
1016 3024 1322 3089 nomine
1367 3045 1485 3108 pro
1535 3022 1856 3106 stipendio
1903 3023 2359 3107 frumentoque
2407 3046 2613 3090 acce-

384 3151 434 3191 25
462 3134 706 3215 perat,
758 3132 1225 3196 lucrabatur.
1317 3129 1418 3195 Ita
1475 3134 1839 3214 quaestus
1896 3128 2183 3214 duplex
2210 3132 2417 3213 ‚unius
2464 3134 2612 3197 mis-

464 3238 683 3303 sionis
722 3239 935 3303 fiebat.
1025 3236 1245 3321 Atque
1302 3236 1462 3302 haec
1516 3237 1715 3302 homo
1772 3237 2249 3303 amentissimus
2304 3239 2374 3303 in
2427 3242 2610 3305 tanto

460 3345 857 3427 praedonum
902 3345 1152 3428 impetu
1187 3348 1498 3428 tantoque
1535 3344 1823 3427 periculo
1860 3346 2229 3428 provinciae
2267 3346 2358 3411 sic
2394 3348 2609 3431 palam

460 3451 764 3534 faciebat,
822 3454 897 3514 ut
957 3453 1022 3515 et
1079 3449 1206 3535 ipsi
1262 3450 1618 3533 praedones
1675 3451 1911 3516 scirent
1967 3455 2031 3515 et
2085 3456 2224 3518 tota
2277 3453 2610 3537 provincia

461 3558 645 3624 testis
693 3561 877 3623 esset.

383 3686 436 3725 so
643 3663 803 3729 Cum
850 3668 1117 3749 propter
1160 3665 1348 3739 istius
1394 3664 1562 3729 hanc
1602 3665 1937 3731 avaritiam
1981 3665 2287 3730 nomine
2336 3667 2607 3731 classis
2646 3681 2713 3729 63

462 3775 630 3837 esset
687 3771 757 3836 in
818 3770 1065 3855 Sicilia,
1122 3795 1199 3836 re
1260 3773 1519 3857 quidem
1578 3795 1757 3837 vera
1810 3793 2039 3836 naves
2100 3772 2397 3854 inanes,
2444 3795 2607 3857 quae

460 3878 761 3964 praedam
799 3879 1110 3963 praetori,
1144 3902 1277 3945 non
1315 3902 1478 3963 quae
1513 3880 1946 3964 praedonibus
1984 3882 2229 3944 metum
2268 3880 2610 3962 adferrent,

461 3991 705 4070 tamen,
760 4007 908 4050 cum
956 3985 1025 4050 P.
1066 3984 1461 4052 Caesetius
1510 3991 1584 4053 et
1630 3987 1698 4053 P.
1738 3986 2020 4052 Tadius
2069 3987 2287 4052 decem
2333 3986 2606 4050 navibus

464 4093 594 4157 suis
651 4092 1019 4176 semiplenis
1075 4093 1481 4179 navigarent,
1539 4117 1805 4159 navem
1867 4094 2187 4178 quandam
2251 4093 2606 4175 piratarum

386 4218 436 4258 85
465 4200 699 4283 praeda
733 4201 1033 4265 refertam
1080 4223 1231 4266 non
1279 4205 1674 4286 ceperunt,
1722 4200 1847 4266 sed
1895 4200 2376 4265 abduxerunt
2415 4218 2606 4260 onere
