3175 4800
547 359 631 424 82
1126 355 1218 409 IV.
1259 355 1341 409 De
1380 355 1691 424 suppliciis.
1750 355 2079 425 (Auswahl.)

543 542 667 603 que
721 519 1006 601 reliquae
1051 518 1223 583 vitae
1280 523 1493 583 vestra
1548 519 1904 603 populique
1961 518 2239 584 Romani
2302 520 2691 585 existimatio

541 627 946 709 comprobet,
991 629 1065 689 ut
1112 645 1262 711 ego,
1310 646 1471 707 quos
1510 626 1722 691 adhuc
1758 626 1920 689 mihi
1958 627 2373 712 magistratus
2411 628 2691 710 populus

538 732 869 798 Romanus
917 732 1272 814 mandavit,
1319 732 1411 796 sic
1459 754 1567 797 eos
1618 733 1863 817 accepi,
1919 737 1993 796 ut
2038 756 2151 798 me
2198 733 2534 798 omnium
2584 733 2691 798 of-

537 841 898 933 ficiorum
959 839 1349 925 obstringi
1412 839 1797 924 religione
1861 839 2238 904 arbitrarer!
2319 838 2419 903 Ita
2467 861 2690 922 quae-

537 952 701 1013 stor
748 968 889 1011 sum
937 947 1176 1030 factus,
1221 949 1296 1011 ut
1341 947 1503 1010 mihi
1549 947 1735 1011 illum
1782 947 2094 1012 honorem
2132 950 2272 1010 tum
2308 968 2442 1010 non
2479 947 2688 1010 solum
2720 970 2743 1010 ⁵

536 1055 786 1137 datum,
847 1053 957 1118 sed
1020 1053 1211 1117 etiam
1276 1054 1589 1118 creditum
1649 1058 1712 1118 et
1760 1054 2174 1120 commissum
2220 1058 2543 1137 putarem3
2599 1053 2691 1118 sic

536 1161 789 1225 obtinui
840 1163 1328 1244 quaesturam
1391 1160 1467 1224 in
1515 1160 1790 1226 Sicilia
1847 1161 2207 1246 provincia,
2265 1164 2339 1224 ut
2401 1161 2689 1225 omnium

535 1269 755 1332 oculos
820 1267 890 1331 in
954 1290 1056 1331 me
1121 1289 1323 1330 unum
1391 1268 1715 1332 coniectos
1783 1289 1920 1333 esse
1996 1268 2368 1350 arbitrarer,
2442 1272 2515 1331 ut
2587 1289 2688 1331 me

535 1379 1072 1458 quaesturamque
1146 1397 1355 1439 meam
1432 1376 1617 1459 quasi
1689 1375 1758 1438 in
1832 1375 2048 1458 aliquo
2124 1378 2440 1446 terrarum
2515 1375 2685 1439 orbis

533 1481 786 1546 theatro
862 1481 1101 1545 versari
1176 1482 1642 1565 existimarem,
1712 1486 1787 1546 ut
1860 1503 2114 1565 semper
2196 1482 2441 1565 omnia,
2524 1504 2685 1565 quae
2716 1506 2767 1544 10

531 1588 812 1652 iucunda
870 1588 1171 1653 videntur
1231 1611 1396 1673 esse,
1457 1612 1531 1652 ea
1589 1612 1724 1654 non
1779 1590 1971 1654 modo
2019 1589 2120 1654 his
2168 1588 2683 1676 extraordinariis

534 1694 1025 1778 cupiditatibus,
1072 1696 1183 1761 sed
1231 1698 1425 1760 etiam
1471 1696 1599 1780 ipsi
1646 1700 1912 1762 naturae
1961 1718 2035 1761 ac
2079 1694 2447 1762 necessitati
2502 1695 2686 1759 dene-

430 1820 498 1869 36
537 1825 773 1888 garem.
847 1801 1041 1866 Nunc
1080 1822 1222 1864 sum
1271 1802 1721 1886 designatus
1770 1804 2073 1887 aedilis3
2108 1804 2316 1869 habeo
2353 1803 2688 1886 rationem,

420 3101 486 3150 37

420 3955 487 4003 38

531 1910 685 1992 quid
751 1932 789 1972 a
850 1908 1093 1991 populo
1161 1906 1454 1971 Romano
1523 1910 1905 1993 acceperim3
1970 1909 2132 1973 mihi
2190 1911 2411 1975 ludos
2474 1931 2686 1974 sanc-

529 2016 878 2080 tissimos
926 2013 1206 2077 maxima
1254 2035 1400 2077 cum
1449 2035 1602 2078 cura
1641 2018 1704 2078 et
1743 2015 2129 2080 caerimonia
2168 2015 2406 2099 Cereri,
2451 2016 2683 2081 Libero
2715 2038 2765 2076 15

528 2122 925 2204 Liberaeque
970 2120 1304 2186 faciundos
1316 2171 1335 2204 ,
1379 2120 1541 2185 mihi
1577 2120 1838 2186 Floram
1884 2126 2155 2187 matrem
2202 2124 2445 2207 populo
2484 2123 2687 2207 plebi-

530 2252 653 2312 que
692 2229 1020 2292 Romanae
1055 2228 1359 2293 ludorum
1398 2229 1771 2294 celebritate
1809 2230 2216 2313 placandam,
2263 2230 2426 2294 mihi
2459 2231 2683 2295 ludos

530 2334 1147 2420 antiquissimos,
1209 2336 1319 2420 qui
1389 2336 1582 2421 primi
1631 2335 1908 2401 Romani
1954 2337 2259 2422 appellati
2305 2342 2482 2420 sunt,
2538 2360 2682 2403 cum

530 2443 844 2529 dignitate
892 2442 1173 2507 maxima
1233 2447 1298 2507 et
1357 2442 1670 2528 religione
1721 2442 1889 2527 Iovi,
1947 2443 2183 2509 Iunoni
2231 2446 2681 2526 Minervaeque

529 2571 665 2614 esse
729 2549 1094 2631 faciundOS,
1158 2551 1318 2613 mihi
1385 2572 1769 2615 sacrarum
1836 2551 2131 2615 aedium
2197 2551 2680 2634 procuratio·
2710 2572 2762 2610 20

526 2678 724 2738 nem,
783 2653 944 2719 mihi
1002 2660 1239 2719 totam
1306 2657 1571 2721 urbem
1634 2658 1992 2722 tuendam
2053 2678 2191 2722 esse
2248 2658 2682 2740 commissam3
2739 2702 2740 2705 κ

528 2763 610 2827 ob
672 2784 890 2826 earum
949 2784 1164 2827 rerum
1225 2764 1512 2828 laborem
1576 2768 1643 2827 et
1689 2764 2192 2829 sollicitudinem
2238 2765 2486 2829 fructus
2534 2765 2681 2829 illos

527 2868 740 2952 datos,
786 2869 1304 2952 antiquiorem
1362 2870 1439 2933 in
1495 2874 1767 2934 senatu
1826 2871 2260 2936 sententiae
2316 2871 2680 2937 dicendae

525 2977 805 3059 locum,
882 2979 1138 3062 togam
1203 2981 1720 3061 praetextam,
1786 2979 2053 3042 sellam
2120 2977 2490 3061 curulem,
2561 2979 2677 3063 ius

526 3083 885 3169 imaginis
933 3084 1014 3147 ad
1060 3085 1437 3149 memoriam
1484 3086 2060 3170 posteritatemque
2105 3085 2484 3169 prodendae.
2574 3084 2678 3147 Ex
2705 3104 2756 3143 25

526 3191 627 3254 his
690 3213 809 3276 ego
873 3191 1172 3255 omnibus
1248 3192 1470 3275 rebus,
1532 3192 1807 3274 iudices,
1869 3193 1963 3256 ita
2026 3192 2187 3256 mihi
2252 3191 2459 3255 omnis
2526 3191 2675 3256 deos

525 3297 843 3380 propitios
882 3297 1104 3379 velim,
1149 3302 1249 3380 ut,
1296 3298 1554 3363 tametsi
1591 3298 1755 3362 mihi
1792 3299 2288 3364 iucundissimus
2329 3302 2425 3363 est
2469 3299 2675 3363 honos

524 3403 780 3488 populi,
824 3407 1042 3467 tamen
1087 3426 1494 3487 nequaquam
1543 3406 1728 3489 capio
1771 3409 2026 3470 tantum
2063 3404 2442 3489 voluptatis,
2480 3425 2675 3488 quan-

525 3516 665 3575 tum
706 3514 769 3575 et
807 3509 1259 3576 sollicitudinis
1299 3516 1362 3576 et
1397 3512 1640 3577 laboris
1651 3562 1669 3595 ,
1706 3516 1779 3577 ut
1816 3513 1975 3576 haec
2012 3512 2152 3595 ipsa
2189 3510 2507 3592 aedilitas,
2542 3533 2675 3574 non

527 3618 678 3702 quia
733 3639 990 3682 necesse
1045 3617 1241 3682 fuerit
1250 3668 1269 3702 ,
1324 3619 1516 3684 alicui
1573 3619 1912 3684 candidato
1970 3620 2145 3701 data,
2201 3618 2339 3701 sed,
2388 3618 2539 3701 quia
2585 3618 2675 3683 sic
2704 3638 2756 3676 30

527 3725 911 3808 oportuerit,
954 3729 1128 3789 recte
1176 3728 1509 3791 conlocata
1556 3730 1622 3790 et
1668 3725 1903 3790 iudicio
1951 3725 2178 3810 populi
2223 3726 2293 3789 in
2335 3727 2481 3790 loco
2539 3748 2674 3790 esse

525 3832 739 3914 posita
784 3831 1092 3895 videatur.

705 3937 814 4001 Tu
861 3959 1006 4002 cum
1055 3960 1223 4003 esses
1270 3944 1585 4022 praetor
1629 3940 2122 4004 renuntiatus
2173 3961 2431 4023 quoquo
2480 3939 2670 4004 modo

527 4044 747 4132 (mitto
797 4045 966 4109 enim
1014 4050 1079 4109 et
1124 4049 1482 4128 praetereO,
1529 4047 1683 4129 quid
1730 4052 1869 4111 tum
1918 4047 2002 4111 sit
2048 4044 2313 4132 actum),
2359 4046 2469 4110 sed
2525 4067 2670 4110 cum

528 4173 696 4216 esses
743 4152 1176 4235 renuntiatus,
1222 4157 1295 4216 ut
1357 4153 1518 4235 dixi,
1580 4176 1727 4218 non
1795 4154 1960 4237 ipsa
2022 4153 2424 4238 praeconis
2490 4175 2672 4219 voce
2701 4172 2753 4212 8⁵
