3175 4800
593 417 679 483 32
1249 415 1341 469 ΠΙ.
1382 415 1466 469 Ι)0
1504 415 1697 484 signis.
1757 414 2084 486 (Auswahl.)

593 578 967 662 amentiam,
1039 579 1143 644 cui
1208 578 1800 663 comperendinato,
1874 599 2021 642 cum
2093 580 2228 643 tam
2292 577 2483 642 multi
2545 581 2741 643 testes

594 685 930 767 dixissent,
998 685 1342 770 quicquam
1406 685 1668 750 illorum
1726 685 1975 750 veniret
2032 684 2101 750 in
2160 688 2459 765 mentem.
2551 682 2743 748 Pueri

593 796 810 857 autem
876 791 1211 875 Sisennae,
1276 792 1464 857 credo
1475 842 1494 876 ,
1561 792 1673 876 qui
1737 791 2092 875 audissent,
2166 813 2329 876 quae
2402 791 2471 854 in
2541 790 2739 855 istum

593 899 964 964 testimonia
1022 903 1236 964 essent
1295 899 1494 982 dicta,
1553 900 1775 964 oculos
1832 899 1911 963 de
1956 899 2082 964 isto
2128 919 2449 982 nusquam
2495 897 2741 963 deicere

487 1022 557 1070 34
586 1027 802 1089 -neque
863 1006 943 1070 ab
1005 1010 1272 1092 argento
1335 1006 1612 1091 digitum
1678 1005 2018 1070 discedere.
2108 1005 2231 1069 Est
2293 1005 2450 1069 boni
2512 1004 2740 1069 iudicis
2769 1017 2796 1059 ⁶

489 1876 558 1924 35

491 3156 560 3205 36

591 1112 804 1195 parvis
871 1134 948 1176 ex
1010 1113 1203 1179 rebus
1270 1113 1705 1178 coniecturam
1770 1112 1996 1178 facere'
2044 1113 2235 1176 unius
2302 1111 2612 1195 cuiusque
2677 1114 2742 1176 et
2790 1108 2795 1112 ’

595 1219 964 1302 cupiditatis
1013 1224 1079 1285 et
1123 1219 1572 1285 continentiae.
1666 1218 1793 1295 Qui
1836 1241 2012 1303 reus,
2072 1224 2137 1284 et
2163 1220 2335 1283 'reus
2381 1220 2540 1304 lege.
2573 1239 2742 1282 com·

594 1326 1049 1409 perendinatus
1060 1375 1079 1409 ,
1135 1349 1206 1391 re
1266 1331 1332 1390 et
1390 1326 1693 1410 opinione
1751 1326 2090 1390 hominum
2135 1328 2339 1410 paene
2384 1326 2742 1407 damnatus,

589 1435 948 1516 ‚temperare
984 1454 1118 1497 non
1152 1433 1436 1515 potuerit
1471 1434 1753 1512 maximo
1793 1436 2133 1517 conventu,
2161 1432 2320 1517 quin
2343 1432 2415 1498 L.
2437 1431 2741 1512 Sisennae

594 1543 932 1625 argentum
996 1542 1301 1604 tractaret
1346 1544 1430 1605 et
1492 1540 1957 1624 consideraret,
2011 1540 2186 1606 hunc
2250 1540 2610 1625 praetorem
2674 1538 2743 1601 in
2772 1563 2824 1601 ιο

593 1646 925 1729 provincia
984 1645 1324 1730 quisquam
1384 1647 1642 1731 putabit
1688 1671 1726 1712 a
1772 1646 2137 1713 Siculorum
2183 1651 2452 1734 argento
2501 1646 2742 1729 cupidi.-

594 1756 795 1817 tatem
843 1756 955 1817 aut
1000 1774 1228 1817 manus
1274 1754 1599 1818 abstinere
1645 1755 1992 1839 potuisse?

775 1857 1018 1925 Verum
1055 1859 1155 1925 uti
1179 1859 1582 1944 Lilybaeum,
1618 1860 1788 1924 unde
1827 1861 2113 1944 digressa
2150 1866 2250 1927 est
2285 1862 2511 1945 oratio,
2536 1882 2743 1925 rever·

595 1969 797 2048 tatur,
868 1965 1182 2031 Diocles
1257 1971 1400 2050 est,
1472 1965 1859 2050 Pamphili
1932 1989 2190 2052 gener,
2262 1968 2435 2031 illius
2511 1991 2549 2031 a
2614 1988 2741 2049 quo

594 2072 824 2156 hydria
869 2073 1084 2138 ablata
1130 2078 1255 2157 est,
1301 2073 1593 2157 Popilius
1654 2073 2054 2158 cognomine.
2146 2072 2258 2138 Ab
2320 2075 2462 2138 1100
2521 2073 2742 2137 abaci
2772 2095 2822 2134 15

594 2201 773 2244 vasa
832 2182 1116 2264 omnia,
1174 2185 1248 2245 ut
1307 2180 1601 2264 exposita
1643 2179 1933 2264 fuerunt,
1991 2181 2339 2245 abstulit.
2430 2179 2623 2245 Dicat
2675 2202 2742 2244 se

592 2287 747 2352 licet
793 2288 1048 2371 emisse3
1096 2288 1334 2352 etenim
1370 2287 1477 2351 hic
1514 2291 1782 2370 propter
1817 2287 2332 2372 magnitudinem
2368 2288 2528 2351 furti
2574 2286 2741 2368 sunt,

596 2398 670 2459 ut
716 2395 973 2480 opinor,
1017 2395 1270 2460 litterae
1314 2394 1539 2458 factae.
1630 2391 1828 2458 Iussit
1874 2394 2346 2459 Timarchidem
2407 2392 2740 2457 aestimare
2811 2447 2824 2452 ,

596 2507 962 2589 argentum,
1023 2523 1149 2584 quo
1211 2500 1403 2565 modo
1465 2500 1578 2583 (1111
1637 2522 1946 2584 umquam
2000 2501 2374 2565 tenuissime
2433 2499 2503 2562 in
2548 2498 2740 2562 dona-

596 2610 840 2674 tionem
885 2608 1275 2672 histrionum
1323 2606 1702 2671 aestimavit.
1790 2607 2075 2671 Tametsi
2120 2607 2265 2670 iam
2312 2606 2555 2670 dudum
2602 2626 2739 2689 ego
2770 2625 2822 2665 20

599 2738 794 2798 err0,
855 2715 984 2797 qui
1044 2717 1194 2776 tam
1255 2713 1497 2776 multa
1557 2713 1644 2777 de
1703 2714 1858 2779 tuis
1925 2713 2447 2798 emptionibus
2513 2712 2743 2777 verba

597 2823 871 2887 faciam
931 2823 997 2884 et
1056 2840 1386 2901 quaeram,
1444 2824 1665 2884 utrum
1726 2821 1954 2886 emeris
2014 2842 2215 2886 necne
2261 2825 2327 2886 et
2373 2842 2500 2904 (1110
2548 2818 2741 2883 1110ᾶο

597 2932 661 2991 et
724 2925 949 3010 quanti
1008 2925 1264 3008 emeris,
1325 2926 1498 3009 quod
1555 2927 1755 2991 verbo
1815 2928 2168 3012 transigere
2214 2949 2497 3012 possum.
2588 2926 2742 2990 Ede

598 3032 785 3098 mihi
832 3032 1231 3116 scriptum,
1269 3032 1425 3116 quid
1463 3036 1715 3120 argenti
1752 3035 1821 3098 in
1856 3034 2196 3117 provincia
2227 3032 2447 3099 Sicilia
2482 3032 2744 3117 pararis,

597 3139 766 3206 unde
815 3140 1098 3224 quidque
1146 3143 1258 3204 aut
1305 3142 1531 3225 quanti
1577 3141 1824 3205 emeris,
1917 3140 2086 3216 Quid
2129 3140 2249 3203 fit?
2340 3140 2743 3223 Quamquam
2771 3159 2823 3199 2⁵

595 3268 730 3312 non
775 3247 1086 3313 debebam
1134 3268 1254 3331 ego
1303 3246 1416 3311 abs
1463 3251 1528 3311 te
1581 3246 1701 3312 has
1755 3247 2002 3311 litteras
2057 3267 2349 3331 poscere3
2408 3268 2511 3312 me
2572 3245 2743 3311 enim

595 3356 848 3420 tabulas
887 3359 1031 3419 tuas
1069 3353 1306 3417 habere
1345 3356 1409 3417 et
1445 3353 1731 3437 proferre
1770 3355 2127 3438 oportebat.
2190 3352 2464 3419 Verum
2510 3375 2741 3439 negas

597 3466 670 3527 te
730 3463 998 3527 horum
1074 3482 1441 3525 annorum
1509 3461 1812 3543 aliquot
1877 3461 2322 3525 confecisse.
2415 3459 2743 3545 Compone

592 3569 748 3653 hoc,
795 3569 969 3653 quod
1015 3568 1304 3652 postulo,
1350 3568 1428 3632 de
1475 3571 1770 3653 argento,
1826 3567 1904 3631 de
1947 3569 2195 3652 reliquo
2243 3567 2480 3632 videro.
2573 3557 2670 3632 ‘N
2672 3588 2743 3631 ec

598 3676 911 3760 scriptum
956 3674 1164 3760 habeo
1210 3696 1329 3742 nec
1375 3696 1642 3758 possum
1690 3674 1917 3740 edere’.
1961 3674 2162 3751 'Quid
2208 3674 2499 3739 futurum
2544 3674 2745 3760 igitur
2772 3693 2825 3732 8⁰

600 3782 741 3847 est?
814 3781 985 3858 Quid
1032 3782 1360 3846 existimas
1407 3782 1603 3845 hosce
1649 3781 1891 3846 iudices
1935 3782 2146 3847 facere
2189 3781 2424 3865 posse?
2492 3780 2743 3848 Domus

597 3891 790 3973 plena
862 3889 1198 3973 signorum
1269 3889 1853 3970 pulcherrimorum
1926 3889 2055 3953 iam
2130 3893 2278 3953 ante
2359 3892 2745 3971 praeturam,

599 3996 805 4061 multa
851 3995 931 4060 ad
968 3994 1153 4061 viHas
1200 3998 1343 4060 tuas
1390 3996 1629 4079 posita,
1674 3997 1890 4060 multa
1925 3996 2216 4080 deposita
2262 3996 2431 4078 apud
2477 3996 2746 4078 amicos,

600 4103 805 4166 multa
863 4100 1005 4166 aliis
1067 4101 1216 4166 data
1276 4105 1469 4186 atque
1529 4101 1793 4186 donata3
1838 4103 2096 4167 tabulae
2154 4103 2408 4166 nullum
2458 4102 2747 4167 indicant

599 4213 906 4293 emptum.
1000 4206 1205 4274 Omne
1251 4212 1588 4294 argentum
1647 4209 1934 4273 ablatum
1963 4267 1970 4272 .
1995 4231 2073 4273 ex
2119 4207 2340 4276 Sicilia
2398 4213 2526 4292 est,
2580 4209 2745 4273 'nihil
2769 4227 2824 4267 ms
