3175 4800
478 1383 547 1432 40

480 3199 547 3247 41

587 354 668 417 16
1079 350 1151 404 ΙΙ.
1189 348 1523 407 Abschnitte
1561 364 1663 403 aus
1701 348 1801 402 der
1835 347 2001 403 Actio
2038 348 2239 418 prima.

587 516 758 598 quod
804 514 873 578 in
940 512 1005 579 O.
1040 513 1324 597 Popili0,
1389 513 1822 596 senatoribus,
1888 512 2000 595 qui
2064 512 2252 577 ambo
2320 513 2729 596 peculatus

585 621 925 686 damnati
991 623 1169 703 sunt,
1245 620 1417 703 quod
1481 620 1550 683 in
1609 618 1950 703 M.Atili0,
2013 620 2125 702 qui
2185 620 2261 684 de
2326 620 2730 684 maiestate

586 730 987 793 damnatus
1050 732 1174 811 est,
1236 728 1389 792 hocx
1425 728 1695 809 planum
1759 727 2004 791 factum
2059 727 2171 810 sit,
2226 747 2334 791 eos
2391 727 2729 811 pecuniam

585 837 668 901 ob
733 858 869 900 rem
923 835 1331 900 iudicandam
1401 834 1750 918 accepisse3
1811 833 1984 917 quod
2049 833 2293 898 inventi
2358 834 2489 899 sint
2552 856 2729 898 sena-

584 947 784 1026 tores,
841 942 952 1026 qui
1000 940 1065 1007 O.
1085 939 1287 1006 Verre
1343 944 1638 1024 praetore
1693 941 1939 1005 urbano
1998 941 2305 1005 sortiente
2361 941 2609 1006 exirent
2660 942 2730 1004 in
2759 964 2783 1002 5

584 1072 748 1113 eum.
772 1067 1005 1132 meum,
1066 1070 1257 1132 quem
1317 1048 1650 1133 incognita
1710 1069 1900 1112 causa
1965 1048 2491 1131 condemnarent3
2558 1047 2728 1131 quod

582 1157 881 1221 inventus
957 1155 1042 1220 sit
1119 1159 1403 1237 senator,
1468 1155 1579 1238 qui
1644 1176 1790 1220 cum
1854 1155 2047 1218 iudex
2107 1158 2301 1238 esset,
2364 1155 2433 1219 in
2505 1156 2728 1219 eodem

584 1263 820 1328 iudicio
887 1267 952 1327 et
1017 1262 1097 1326 ab
1162 1284 1271 1326 reo
1337 1263 1677 1343 pecuniam
1743 1261 2087 1345 acciperet,
2152 1283 2345 1343 quam
2409 1262 2727 1326 iudicibus

586 1370 922 1453 divideret,
977 1372 1042 1434 et
1097 1368 1177 1432 ab
1225 1372 1623 1452 accusatore,
1682 1372 1756 1433 ut
1800 1391 1981 1433 reum
2031 1368 2502 1434 condemnaret.
2592 1368 2728 1433 Iam

583 1499 733 1540 vero
811 1497 936 1559 quo
1011 1474 1204 1539 modo
1281 1492 1400 1560 ego
1482 1475 1665 1541 illam
1746 1475 1989 1559 labem,
2068 1476 2492 1561 ignominiam
2568 1478 2728 1541 cala-
2761 1501 2812 1538 ιο

583 1584 1004 1667 mitatemque
1031 1584 1234 1648 totius
1265 1582 1505 1648 ordinis
1528 1605 1903 1668 conquerar,
1919 1585 2055 1649 ‚h‘oc
2082 1583 2326 1648 factum
2357 1605 2494 1649 esse
2522 1584 2592 1648 in
2609 1583 2730 1647 hac

586 1692 871 1774 civitate,
934 1713 1080 1756 cum
1143 1692 1499 1755 senatorius
1559 1691 1714 1755 ordo
1776 1692 2115 1776 iudicaret,
2174 1695 2248 1757 ut
2304 1690 2727 1757 discoloribus

585 1798 783 1882 signis
830 1798 1188 1861 iuratorum
1235 1798 1572 1860 hominum
1622 1800 1975 1862 sententiae
2035 1798 2456 1863 notarentur?
2553 1796 2731 1861 Haec

585 1904 801 1967 omnia
858 1925 962 1966 me
1030 1902 1372 1987 diligenter
1435 1924 1780 1985 severeque
1845 1908 2138 1967 acturum
2203 1925 2341 1967 esse
2400 1904 2726 1985 polliceor.

763 2008 903 2086 Quo
953 2032 1055 2074 me
1101 2010 1362 2073 tandem
1409 2010 1623 2074 animo
1671 2009 1809 2074 fore
1856 2010 2127 2093 putatis,
2187 2009 2241 2072 si
2290 2008 2443 2091 quid
2489 2008 2559 2071 in
2602 2008 2727 2069 hoc
2759 2031 2807 2069 15

584 2116 725 2200 ipso
773 2116 1010 2182 iudicio
1049 2118 1426 2181 intellexero
1467 2116 1665 2181 simili
1702 2116 1918 2198 aliqua
1953 2115 2203 2179 ratione
2241 2134 2378 2178 esse
2415 2114 2727 2177 violatum

586 2228 776 2306 atque
833 2225 1291 2289 commissum?
1355 2223 1515 2288 Cum
1576 2225 1843 2307 planum
1908 2222 2115 2286 facere
2174 2222 2397 2286 multis
2455 2220 2728 2284 testibus

585 2330 828 2414 possim
892 2328 957 2393 O.
987 2330 1298 2395 Verrem
1363 2331 1431 2393 in
1492 2329 1714 2394 Sicilia
1776 2329 2000 2393 multis
2067 2328 2475 2393 audientibus
2540 2349 2729 2412 saepe

587 2436 902 2522 dixisse,
999 2460 1074 2502 se
1168 2438 1449 2502 habere
1530 2436 1916 2502 hominem
1998 2439 2421 2521 potentem,
2513 2436 2728 2500 cuius

586 2544 877 2609 fiducia
945 2545 1429 2628 provinciam
1501 2543 1911 2627 spoliaret3
1973 2565 2182 2626 neque
2247 2543 2370 2608 sibi
2436 2544 2558 2606 soli
2622 2564 2809 2625 pe-20

587 2651 840 2716 cuniam
926 2672 1226 2733 quaerere
1240 2701 1260 2733 ,
1340 2651 1451 2715 sed
1532 2651 1625 2715 ita
1705 2651 2054 2714 triennium
2137 2650 2301 2714 illud
2395 2653 2731 2734 praeturae

588 2756 936 2821 Siciliensis
1003 2757 1420 2822 distributum
1481 2758 1745 2839 habere,
1810 2761 1885 2822 ut
1950 2779 2168 2822 secum
2233 2757 2559 2842 praeclare
2625 2756 2731 2840 agi

587 2864 850 2947 diceret,
911 2864 966 2928 si
1024 2864 1213 2928 unius
1275 2865 1425 2928 anni
1487 2869 1826 2948 quaestum
1885 2864 1955 2928 in
2018 2887 2156 2928 rem
2223 2886 2405 2929 suam
2472 2886 2730 2928 conver-

585 2974 777 3055 teret,
831 2972 1103 3036 alterum
1158 2972 1449 3056 patronis
1504 2976 1568 3036 et
1615 2972 2058 3037 defensoribus
2104 2971 2412 3054 traderet,
2466 2971 2726 3034 tertium

586 3078 770 3143 illum
852 3079 1248 3144 uberrimum
1333 3078 2104 3161 quaestuosissimumque
2186 3100 2425 3141 annum
2516 3081 2727 3140 totum
2758 3100 2810 3137 25

586 3185 903 3251 iudicibus
948 3188 1317 3250 reservaret.
1381 3185 1484 3248 Ex
1532 3206 1660 3267 quo
1708 3184 1870 3248 mihi
1914 3185 2092 3249 venit
2136 3186 2205 3249 in
2249 3188 2533 3249 mentem
2567 3182 2729 3247 illud
2770 3233 2774 3238 .

589 3292 822 3374 dicere,
862 3293 1032 3373 quod
1072 3292 1242 3375 apud
1269 3291 1372 3355 Μ’.
1404 3289 1817 3356 Glabrionem
1852 3314 2061 3376 nuper
2098 3314 2244 3357 cum
2282 3292 2352 3355 in
2384 3290 2729 3355 reiciundis

587 3398 905 3462 iudicibus
945 3419 1576 3481 commemorassem,
1622 3398 1912 3464 intellexi
1956 3399 2372 3464 vehementer
2416 3398 2730 3482 populum

588 3504 952 3569 Romanum
1018 3506 1436 3589 commoveri,
1499 3529 1603 3570 me
1667 3506 1966 3571 arbitrari
2023 3507 2161 3570 fore
2219 3506 2319 3570 uti
2376 3504 2729 3569 nationes

589 3617 892 3677 exterae
964 3613 1267 3698 legatos
1334 3613 1413 3677 ad
1477 3615 1794 3698 populum
1859 3613 2224 3678 Romanum
2299 3612 2731 3693 mitterent,
2761 3633 2812 3671 30

587 3723 670 3781 ut
715 3720 840 3782 lex
885 3719 971 3783 de
1018 3720 1368 3802 pecuniis
1413 3720 1871 3804 repetundis
1919 3720 2356 3803 iudiciumque
2417 3721 2732 3784 tollere-

588 3829 737 3907 tur3
797 3825 853 3888 si
907 3826 1077 3889 enim
1136 3826 1371 3891 iudicia
1423 3828 1605 3892 nulla
1651 3828 1808 3911 sint,
1861 3831 2116 3892 tantum
2163 3851 2364 3892 unum
2415 3847 2731 3910 quemque

589 3932 952 3995 ablaturum
996 3937 1256 4017 putant,
1295 3937 1608 4016 quantum
1656 3935 1780 3999 sibi
1826 3957 1900 4000 ac
1945 3935 2165 4000 liberis
2214 3935 2345 3999 suis
2394 3934 2548 3998 satis
2597 3953 2733 3996 esse

589 4038 959 4123 arbitretur3
1017 4061 1218 4123 nunc,
1280 4039 1450 4122 quod
1516 4041 1652 4105 eius
1718 4042 1889 4106 modi
1956 4042 2195 4107 iudicia
2259 4042 2418 4124 sint,
2479 4043 2733 4105 tantum

588 4168 788 4210 unum
829 4167 1148 4230 quemque
1187 4147 1461 4229 auferre,
1493 4151 1806 4231 quantum
1846 4148 1997 4233 sibi,
2035 4148 2352 4232 patronis,
2390 4147 2737 4236 advocatis,
2767 4168 2816 4206 35

3124 4337 3134 4506 m..„..-0-
3125 4283 3131 4314 -.
3125 4245 3130 4258 .-
3124 4119 3131 4220 -mv
3123 3563 3135 4098 m
