3175 4800
386 538 487 589 168
589 549 600 564 ²

508 629 832 702 civitatis!
896 631 967 697 Ο-
994 635 1103 697 lex
1150 608 1380 697 Porcia
1423 634 1727 717 legesque
1775 630 2217 717 Semproniae!
2294 634 2346 700 Ο
2396 637 2680 722 graviter

533 325 658 428 118
1123 360 1217 415 IV.
1257 362 1342 415 De
1381 361 1694 431 suppliciis.
1752 362 2081 433 (Auswahl.)

706 522 759 588 O
806 525 1045 590 nomen
1093 526 1279 590 dulce
1323 525 1670 590 libertatis!
1763 523 1816 589 O
1877 523 1977 590 ius
2045 526 2350 592 eximium
2416 534 2678 596 nostrae

525 737 881 808 desiderata
927 744 991 804 et
1026 739 1384 823 ‚aliquando
1430 739 1680 805 reddita
1724 739 1901 823 plebi
1947 739 2275 806 Romanae
2330 742 2686 809 tribunicia·

523 837 836 928 potestas!
908 846 1162 912 Hucine
1207 847 1469 912 tandem
1514 847 1673 914 haec
1720 847 1937 911 omnia
1979 848 2372 933 reciderunt,
2406 853 2481 913 ut
2518 850 2674 915 civis

525 950 855 1016 Romanus
902 954 971 1020 in
1015 954 1349 1037 provincia
1392 953 1621 1038 populi
1667 953 1945 1019 Romani
1989 955 2059 1019 in
2105 956 2344 1039 oppido
2391 956 2673 1022 foedera·
2703 979 2729 1019 5

523 1062 739 1124 torum
797 1060 877 1125 ab
935 1083 1040 1144 eo,
1095 1060 1207 1145 qui
1264 1057 1576 1126 beneficio
1626 1062 1851 1144 populi
1897 1061 2175 1126 Romani
2219 1062 2423 1127 fasces
2472 1067 2536 1127 et
2582 1085 2675 1129 se·

437 1200 443 1204 ·
525 1188 705 1231 cures
751 1167 1045 1251 haberet,
1093 1167 1409 1253 deligatus
1456 1167 1526 1234 in
1570 1168 1713 1233 foro
1760 1168 1958 1254 virgis
2008 1169 2418 1234 caederetur?
2465 1169 2676 1246 Quid?

384 2893 486 2942 164

527 1273 687 1337 Cum
746 1273 929 1360 ignes
976 1275 1414 1358 'ardentesque
1462 1275 1751 1339 laminae
1816 1272 2137 1358 ceterique
2202 1276 2521 1357 cruciatus
2569 1278 2674 1342 ad-

523 1381 976 1464 movebantur,
1020 1382 1075 1445 si
1121 1385 1185 1445 te
1232 1381 1405 1457 illius
1453 1382 1681 1449 acerba
1726 1382 2095 1466 imploratio
2144 1387 2210 1448 et
2244 1382 2373 1449 vox
2397 1385 2673 1449 -misera-

524 1487 672 1551 bilis
718 1508 852 1551 non
895 1487 1259 1572 inhibebat,
1304 1511 1385 1552 ne
1434 1488 1672 1553 civium
1730 1488 1988 1571 quidem
2036 1489 2506 1581 Romanorum,
2560 1493 2673 1575 qui
2704 1514 2758 1554 10

524 1599 665 1658 tum
713 1594 1006 1678 aderant,
1050 1595 1229 1659 fletu⁴
1257 1599 1323 1660 et
1368 1595 1618 1682 gemitu
1666 1597 1946 1662 maximo
1996 1598 2527 1664 commovebare‘?
2596 1597 2676 1663 In

527 1721 779 1765 crucem
827 1704 900 1765 tu
939 1722 1127 1786 agere
1175 1722 1366 1766 ausus
1416 1724 1481 1767 es
1531 1724 1950 1786 quemquam,
2011 1705 2122 1787 qui
2181 1726 2248 1770 se
2296 1705 2500 1770 civem
2548 1704 2675 1770 Ro-

526 1830 788 1871 manum
846 1829 983 1872 esse
1040 1808 1322 1874 diceret?
1410 1809 1615 1874 Nolui
1669 1813 1803 1873 tam
1850 1810 2263 1876 vehementer
2316 1834 2503 1899 agere
2549 1812 2675 1878 hoc

524 1913 734 1998 prima
797 1915 1077 1998 actione,
1139 1915 1410 1999 iudices,
1472 1917 1683 2000 nolui3
1749 1916 1999 2006 vidistis
2066 1918 2265 2002 enim,
2329 1923 2404 1984 ut
2476 1921 2676 1984 animi

525 2021 957 2089 multitudinis
1025 2022 1102 2109 'in
1191 2022 1389 2086 istum
1472 2022 1694 2088 dolore
1758 2029 1843 2095 ⁴et
1924 2024 2072 2089 odio
2157 2028 2222 2089 et
2314 2028 2671 2091 communis
2702 2049 2755 2090 15

522 2127 794 2212 periculi
858 2132 1035 2193 metu
1103 2129 1594 2196 concitarentur.
1698 2129 1912 2195 Statui
1976 2136 2233 2217 egomet
2297 2133 2469 2210 ,mihi
2532 2137 2672 2198 tum

524 2237 789 2301 modum
863 2239 928 2300 et
995 2235 1060 2301 G.
1097 2235 1500 2320 Numitorio,
1570 2237 1787 2321 *equiti
1861 2236 2155 2302 Romano
2166 2288 2185 2321 ,
2267 2240 2478 2323 primo
2562 2240 2675 2304 ho-

524 2343 712 2434 mjni,
773 2343 926 2408 testi
988 2365 1133 2409 meo
1142 2393 1161 2428 ,
1231 2347 1295 2410 et
1336 2343 1459 2409 M’.
1502 2343 1944 2428 Glabrionem,
2008 2343 2074 2409 id
2123 2346 2294 2429 quod
2342 2347 2676 2432 sapientis-

525 2451 683 2516 sime
743 2451 923 2535 fecit,
980 2451 1190 2519 facere
1250 2445 1534 2516 laetatus*
1573 2474 1743 2532 sum,
1790 2456 1866 2517 ut
1909 2457 2172 2536 repente
2220 2455 2558 2525 consilium
2605 2457 2674 2520 in

524 2559 735 2623 medio
796 2559 1168 2623 testimonio
1231 2558 1599 2623 dimitteret.
1693 2558 1953 2623 Etenim
2001 2561 2368 2646 verebatur,
2424 2586 2506 2627 ne
2561 2573 2673 2647 p'o-
2701 2584 2755 2624 20

524 2665 716 2748 pulus
755 2664 1084 2730 Romanus
1135 2666 1214 2729 ab
1262 2659 1389 2730 isto
1438 2686 1543 2729 eas
1592 2687 1831 2749 poenas
1878 2667 1944 2730 vi
1987 2668 2297 2751 repetisse
2333 2669 2672 2752 videretur,

526 2791 684 2853 quas
730 2771 971 2836 veritus
1030 2775 1197 2836 esset
1249 2795 1332 2837 ne
1387 2772 1509 2836 iste
1563 2773 1818 2858 legibus
1876 2784 1960 2838 ac
1995 2778 2208 2841 vestro
2257 2776 2492 2861 iudicio
2537 2797 2671 2841 non

525 2882 693 2943 esset
752 2880 1213 2962 persoluturus.
1304 2878 1525 2964 Nunc,
1583 2881 1888 2964 quoniam
1945 2873 2350 2965 exploratum
2396 2887 2494 2948 est
2540 2904 2672 2948 om-

521 2985 743 3069 nibus,
803 3007 931 3070 quo
991 2988 1136 3052 loco
1199 3007 1391 3051 causa
1449 2992 1563 3051 tua
1623 2987 1734 3071 sit,
1794 2991 1859 3052 et
1918 2988 2074 3071 quid
2134 2989 2210 3053 de
2271 2994 2335 3053 t'e
2378 2990 2671 3054 futurum

524 3092 634 3176 sit,
681 3093 772 3158 sic
818 3097 1031 3173 tecum
1080 3114 1284 3178 agam.
1361 3092 1678 3158 Gavium
1724 3095 1989 3178 istum,
2027 3117 2216 3180 quem
2261 3097 2670 3179 repentinum
2700 3117 2753 3157 25

524 3202 991 3283 speculatorem
1038 3200 1237 3264 fuisse
1285 3201 1470 3283 dieis,
1517 3200 1915 3265 ostendam
1961 3203 2040 3265 in
2083 3202 2496 3268 lautumias
2538 3201 2671 3287 Sy-

521 3305 818 3369 racusis
896 3328 933 3367 a
1004 3309 1078 3369 te
1153 3326 1315 3369 esse
1383 3306 1843 3391 coniectum,
1914 3330 2124 3391 neque
2186 3309 2253 3372 id
2317 3310 2528 3381 solum
2594 3333 2674 3374 ex

522 3411 754 3475 litteris
820 3408 1154 3481 ostendam
1221 3411 1800 3499 Syracusanorum,
1863 3438 1945 3480 ne
2007 3417 2217 3499 possis
2283 3416 2492 3482 dicere
2551 3439 2672 3499 me,

525 3517 675 3602 quia
735 3518 819 3583 sit
875 3518 1107 3602 aliquis
1153 3520 1224 3584 in
1267 3521 1499 3585 litteris
1549 3520 1787 3587 Gavius
1799 3572 1817 3606 ,
1862 3522 1988 3586 hoc
2033 3524 2277 3609 fingere
2325 3527 2391 3587 et
2437 3523 2671 3609 eligere

482 3647 785 3709 nomen,
838 3630 914 3691 ut
967 3626 1141 3692 hunc
1196 3628 1380 3692 illum
1438 3650 1575 3696 esse
1632 3630 1876 3713 possim
1925 3629 2160 3713 dicere,
2221 3631 2332 3695 sed
2379 3631 2458 3695 ad
2506 3630 2669 3694 arbi·
2698 3651 2752 3692 30

522 3732 719 3796 trium
766 3737 952 3806 tuum
999 3734 1182 3798 testis
1231 3735 1395 3799 dabo
1406 3785 1425 3818 ,
1472 3736 1583 3819 qui
1630 3736 1827 3800 istum
1887 3737 2101 3820 ipsum
2164 3735 2496 3821 Syracusis
2559 3737 2671 3801 abs

522 3843 587 3903 te
625 3840 694 3902 in
728 3840 1074 3904 lautumias
1115 3841 1474 3906 coniectum
1516 3863 1653 3907 esse
1693 3841 1944 3927 dicant-‚j
1998 3842 2432 3909 Producam
2477 3844 2671 3908 etiam

526 3945 913 4011 Consanos
989 3947 1417 4031 municipes
1479 3950 1698 4014 illius
1766 3972 1840 4015 ac
1901 3951 2324 4034 necessarios,
2400 3951 2527 4034 qui
2597 3952 2671 4013 te

521 4076 694 4118 nunc
743 4075 882 4119 sero
932 4055 1281 4138 doceant,
1327 4056 1568 4120 iudices
1616 4079 1749 4120 non
1786 4079 1956 4140 sero,
2001 4058 2186 4122 illum
2226 4056 2295 4122 P.
2326 4056 2673 4140 Gavium,

525 4182 715 4243 quem
762 4164 836 4224 tu
882 4161 951 4224 in
999 4183 1251 4225 crucem
1300 4163 1517 4247 egisti,
1565 4164 1802 4228 civem
1843 4163 2262 4229 Romanum
2311 4168 2386 4228 et
2431 4163 2672 4227 muni·
2702 4183 2755 4224 85
