3175 4800
456 595 535 637 ex
580 572 781 655 ipsius
829 571 976 636 sinu
1019 571 1266 636 litteras
1316 569 1756 655 Syracusano
1828 551 1935 621 '.»·=
2149 570 2162 583 ‘
2185 559 2265 634 ”e
2313 572 2392 635 ad
2439 571 2601 636 arbi-

456 679 652 743 trium
700 700 888 743 suum
936 678 1259 744 confectas
1308 698 1446 742 esse
1493 678 1868 761 arbitratur,
1914 678 2070 742 cedo
2115 677 2432 742 rationem
2471 699 2602 743 car-

457 786 646 869 ceris,
673 807 837 869 quae
875 784 1363 872 diligentissime
1402 785 1768 868 conficitur,
1797 806 1925 867 quo
1965 784 2238 868 quisque
2275 784 2377 849 die
2415 784 2601 849 datus

455 892 524 956 in
579 892 968 976 custodiam,
1025 914 1152 976 quo
1210 895 1532 975 mortuus,
1588 913 1716 976 quo
1772 894 2035 956 necatus
2085 891 2185 955 sit.
2278 891 2601 957 Lim-mum

403 1022 427 1062 ⁵
461 998 1029 1065 SYRAcusAnoRoM.
1100 997 1350 1063 Videtis
1400 999 1570 1064 cives
1618 997 1944 1063 Romanos
1993 998 2310 1085 gregatim
2358 998 2603 1063 coniec·
2644 1015 2745 1064 148

457 1109 558 1170 tos
595 1105 667 1169 in
699 1105 1076 1189 lautumias,
1111 1105 1342 1171 videtis
1378 1106 1829 1191 indignissimo
1868 1106 1936 1169 in
1970 1107 2116 1170 1000
2166 1109 2604 1170 coacervatam

459 1211 940 1277 multitudinem
987 1216 1348 1279 vestrorum
1397 1213 1652 1277 civium.
1747 1211 2109 1289 Quaerite
2154 1234 2326 1277 nunc
2371 1213 2604 1277 vesti-

458 1319 613 1404 gia,
652 1319 883 1402 quibus
932 1320 1139 1384 exitus
1187 1342 1406 1385 eorum
1455 1343 1535 1384 ex
1569 1320 1684 1384 illo
1721 1321 1867 1385 1000
1906 1323 2311 1404 conpareant.
2371 1319 2605 1384 Nulla

458 1430 648 1490 sunt.
686 1463 693 1467 -
726 1424 1046 1491 Omnesne
1093 1427 1375 1492 mortui‘?
1441 1425 1512 1491 Si
1556 1427 1650 1491 ita
1695 1431 1914 1511 posset
1971 1427 2335 1510 defendere,
2388 1431 2606 1492 tamen

378 1558 430 1597 10
456 1517 615 1597 fides
661 1532 814 1597 111110
860 1533 1218 1598 defensioni
1261 1556 1395 1598 non
1440 1533 1801 1598 haberetur.
1879 1532 2003 1597 Sed
2045 1535 2357 1616 scriptum
2395 1536 2605 1598 exstat

457 1637 527 1702 in
570 1638 775 1703 isdem
819 1639 1052 1703 litteris
1062 1689 1080 1723 ,
1141 1640 1312 1723 quod
1366 1641 1488 1704 iste
1533 1640 1731 1705 homo
1779 1640 2087 1705 barbarus
2136 1662 2209 1704 30
2257 1635 2605 1705 dissolutus

457 1766 666 1827 neque
723 1746 1049 1810 attendere
1109 1768 1415 1830 umquam
1470 1767 1681 1830 neque
1736 1747 2107 1833 intellegere
2161 1747 2402 1830 potuit:
2476 1744 2608 1811 ἐδι-

458 1851 869 1935 καιώθησαν,
932 1852 1171 1936 inquit,
1233 1853 1359 1918 hoc
1423 1858 1546 1937 est,
1621 1857 1695 1918 ut
1758 1853 1959 1919 Siculi
2031 1856 2361 1937 locuntur,
2434 1874 2606 1937 sup-

461 1958 698 2041 plicio
759 1958 1046 2025 adfecti
1111 1982 1193 2025 ac
1255 1962 1512 2025 necati
1576 1965 1770 2026 sunt.
1866 1959 1935 2024 Si
2001 1962 2110 2045 qui
2174 1983 2312 2039 rex,
2371 1961 2426 2024 si
2480 1981 2607 2043 qua
2648 1974 2749 2024 149

383 2089 432 2130 1⁵
462 2066 686 2130 civitas
735 2069 1096 2131 exterarum
1144 2067 1463 2153 gentium,
1524 2068 1579 2132 si
1642 2090 1768 2150 qua
1825 2066 2002 2131 natio
2059 2067 2317 2131 fecisset
2364 2067 2607 2149 aliquid

458 2172 527 2236 in
566 2172 721 2237 civis
760 2172 1088 2239 Romanos
1137 2174 1272 2238 eius
1319 2173 1524 2256 modi,
1568 2195 1780 2237 nonne
1825 2173 2084 2256 publice
2120 2171 2610 2255 vindicaremus,

459 2299 675 2345 11011110
746 2278 912 2342 bello
985 2279 1556 2365 persequeremur?
1656 2278 1997 2344 Possemus
2070 2278 2238 2343 113110
2309 2278 2609 2342 iniuriam

459 2383 1010 2471 ignominiamque
1072 2386 1353 2452 nominis
1419 2385 1699 2452 Romani
1769 2385 2044 2451 inultam
2117 2386 2609 2470 inpunitamque

461 2491 827 2558 dimittere?
916 2492 1090 2570 Quot
1135 2494 1305 2559 bella
1351 2494 1625 2559 maiores
1670 2497 1927 2559 nostros
1985 2497 2049 2558 et
2108 2496 2346 2576 quanta
2401 2514 2610 2574 susce-

381 2624 434 2664 20
461 2600 632 2683 pisse
708 2600 1135 2685 arbitramini,
1209 2602 1382 2685 quod
1456 2602 1627 2666 cives
1700 2600 1977 2665 Romani
2051 2600 2284 2665 iniuria
2357 2599 2612 2683 adfecti,

462 2708 632 2791 quod
692 2708 1071 2774 navicularii
1128 2709 1391 2792 retenti,
1452 2707 1626 2792 quod
1685 2713 2070 2774 mercatores
2133 2707 2392 2792 spoliati
2446 2707 2611 2771 dice-

459 2814 725 2877 rentur?
798 2813 887 2877 At
924 2836 1044 2899 ego
1084 2815 1212 2878 iam
1248 2818 1534 2878 retentos
1571 2837 1707 2877 non
1744 2836 2002 2897 queror,
2048 2815 2357 2898 spoliatos
2405 2814 2608 2878 feren-

464 2919 618 2981 dum
690 2921 879 3002 put03
948 2919 1249 3002 navibus,
1321 2919 1688 3002 mancipiis,
1761 2920 2078 2984 mercibus
2156 2919 2470 3003 ademptis
2543 2919 2638 2982 in.

464 3024 677 3088 vincla
757 3028 1141 3089 mercatores
1226 3046 1362 3090 esse
1446 3025 1770 3090 coniectos
1854 3029 1919 3090 et
2000 3026 2069 3089 in
2140 3026 2368 3090 vinclis
2443 3024 2611 3090 cives
2685 3020 2690 3027 ’

386 3155 437 3194 25
465 3130 791 3196 Romanos
863 3134 1126 3196 necatos
1200 3153 1337 3197 esse
1411 3153 1631 3219 arguo.
1735 3130 1805 3195 Si
1876 3131 2036 3196 11300
2108 3131 2278 3216 apud
2338 3129 2611 3214 Scythas
2652 3148 2754 3197 150

464 3237 768 3322 dicerem,
802 3260 936 3303 non
971 3238 1078 3303 hic
1112 3239 1183 3303 in
1217 3241 1399 3304 tanta
1435 3238 1851 3303 multitudine
1888 3239 2126 3303 civium
2154 3237 2615 3322 Romanorum,

384 3414 392 3421 ,
464 3366 599 3409 11011
661 3343 831 3430 apud
897 3348 1251 3429 senatores,
1311 3346 1696 3410 lectissimos
1763 3345 2069 3428 civitatis,
2131 3368 2266 3409 non
2328 3345 2397 3409 in
2467 3345 2610 3410 foro

465 3451 690 3535 populi
740 3450 1019 3515 Romani
1077 3452 1155 3516 de
1213 3455 1314 3517 tot
1373 3455 1438 3517 et
1495 3455 1630 3516 tam
1692 3451 1935 3517 acerbis
1993 3452 2326 3535 suppliciis
2374 3452 2611 3516 civium

466 3557 934 3642 Romanorum,
993 3562 1211 3624 tamen
1266 3559 1512 3623 animos
1569 3559 1764 3623 etiam
1810 3558 2230 3622 barbarorum
2276 3558 2614 3622 hominum

388 3687 443 3727 80
468 3684 923 3747 permoverem.
999 3665 1206 3731 Tanta
1252 3666 1422 3731 enim
1469 3665 1661 3730 huius
1709 3665 1962 3748 imperii
2009 3665 2397 3748 amplitudo,
2432 3668 2615 3729 tanta

467 3770 746 3835 nominis
802 3770 1080 3836 Romani
1139 3773 1416 3859 dignitas
1479 3777 1577 3838 est
1642 3772 1813 3856 apud
1878 3793 2099 3837 omnes
2165 3772 2486 3855 nationes,
2539 3776 2614 3836 ut

467 3877 592 3943 ista
648 3878 719 3942 in
774 3882 1031 3943 nostros
1091 3878 1382 3945 homines
1444 3880 1785 3945 crudelitas
1840 3880 2084 3943 nemini
2130 3900 2431 3944 concessa
2476 3900 2613 3943 esse

467 3985 775 4050 videatur.
848 3985 1042 4051 Nunc
1078 3986 1199 4050 tibi
1237 4009 1355 4073 ego
1399 3988 1600 4060 ullam
1648 3987 1948 4071 salutem,
1992 3988 2200 4051 ullum
2246 3985 2613 4069 perfugium

469 4095 718 4176 putem,
783 4114 929 4158 cum
994 4096 1059 4157 te
1122 4094 1503 4178 inplicatum
1569 4095 1905 4159 severitate
1969 4094 2282 4174 iudicum,
2348 4091 2612 4155 circum-

391 4218 442 4260 85
468 4199 732 4263 retitum
812 4200 1174 4284 frequentia
1253 4202 1480 4285 populi
1562 4200 1840 4266 Romani
1922 4221 2057 4264 esse
2140 4195 2435 4263 videam?
2535 4193 2614 4258 Si
2653 4212 2752 4260 151

579 4322 762 4362 Ciceros
788 4323 1036 4377 Verrinen,
1065 4336 1107 4363 v.
1126 4324 1285 4364 Bardt.
1343 4325 1473 4364 Text.
2151 4323 2182 4370 8
