<?xml version="1.0" encoding="UTF-8"?>
<!DOCTYPE html PUBLIC "-//W3C//DTD XHTML 1.0 Transitional//EN"
    "http://www.w3.org/TR/xhtml1/DTD/xhtml1-transitional.dtd">
<html xmlns="http://www.w3.org/1999/xhtml" xml:lang="en" lang="en">
 <head>
  <title>
</title>
<meta http-equiv="Content-Type" content="text/html;charset=utf-8" />
  <meta name='ocr-system' content='tesseract 3.04.00' />
  <meta name='ocr-capabilities' content='ocr_page ocr_carea ocr_par ocr_line ocrx_word'/>
</head>
<body>
  <div class='ocr_page' id='page_1' title='image "./cicerosverrinen00bardgoog_0128.png"; bbox 0 0 3175 4800; ppageno 0'>
   <div class='ocr_carea' id='block_1_1' title="bbox 609 371 2153 444">
    <p class='ocr_par' dir='ltr' id='par_1_1' title="bbox 609 371 2153 444">
     <span class='ocr_line' id='line_1_1' title="bbox 609 371 2153 444; baseline -0.004 -10"><span class='ocrx_word' id='word_1_1' title='bbox 609 378 737 443; x_wconf 84' lang='lat'><strong>114</strong></span> <span class='ocrx_word' id='word_1_2' title='bbox 1202 373 1294 428; x_wconf 91' lang='lat' dir='ltr'><strong>IV.</strong></span> <span class='ocrx_word' id='word_1_3' title='bbox 1334 375 1418 428; x_wconf 90' lang='lat' dir='ltr'><strong>De</strong></span> <span class='ocrx_word' id='word_1_4' title='bbox 1457 371 1767 443; x_wconf 79' lang='lat' dir='ltr'><strong>suppliciis,</strong></span> <span class='ocrx_word' id='word_1_5' title='bbox 1824 372 2153 444; x_wconf 86' lang='lat' dir='ltr'><strong>(Auswahl.)</strong></span> 
     </span>
    </p>
   </div>
   <div class='ocr_carea' id='block_1_2' title="bbox 598 537 2807 1156">
    <p class='ocr_par' dir='ltr' id='par_1_2' title="bbox 598 537 2807 1156">
     <span class='ocr_line' id='line_1_2' title="bbox 602 537 2755 624; baseline 0 -18"><span class='ocrx_word' id='word_1_6' title='bbox 602 539 994 622; x_wconf 78' lang='lat' dir='ltr'><strong>mehercule,</strong></span> <span class='ocrx_word' id='word_1_7' title='bbox 1053 538 1118 602; x_wconf 93' lang='lat' dir='ltr'><strong>id</strong></span> <span class='ocrx_word' id='word_1_8' title='bbox 1166 538 1339 621; x_wconf 91' lang='lat' dir='ltr'><strong>quod</strong></span> <span class='ocrx_word' id='word_1_9' title='bbox 1385 537 1526 601; x_wconf 90' lang='lat' dir='ltr'><strong>fieri</strong></span> <span class='ocrx_word' id='word_1_10' title='bbox 1570 559 1704 602; x_wconf 92' lang='lat' dir='ltr'><strong>non</strong></span> <span class='ocrx_word' id='word_1_11' title='bbox 1748 558 1939 621; x_wconf 88' lang='lat' dir='ltr'><strong>posse</strong></span> <span class='ocrx_word' id='word_1_12' title='bbox 1983 538 2321 624; x_wconf 74' lang='lat' dir='ltr'><strong>intellege,</strong></span> <span class='ocrx_word' id='word_1_13' title='bbox 2380 561 2469 603; x_wconf 84' lang='lat' dir='ltr'><strong>ex</strong></span> <span class='ocrx_word' id='word_1_14' title='bbox 2513 539 2631 604; x_wconf 88' lang='lat' dir='ltr'><strong>his</strong></span> <span class='ocrx_word' id='word_1_15' title='bbox 2678 544 2755 606; x_wconf 88' lang='lat' dir='ltr'><strong>te</strong></span> 
     </span>
     <span class='ocr_line' id='line_1_3' title="bbox 599 642 2755 732; baseline 0 -22"><span class='ocrx_word' id='word_1_16' title='bbox 599 645 899 731; x_wconf 81' lang='lat' dir='ltr'><strong>laqueis</strong></span> <span class='ocrx_word' id='word_1_17' title='bbox 956 644 1257 710; x_wconf 84' lang='lat' dir='ltr'><strong>exueris</strong></span> <span class='ocrx_word' id='word_1_18' title='bbox 1320 665 1394 708; x_wconf 88' lang='lat' dir='ltr'><strong>ac</strong></span> <span class='ocrx_word' id='word_1_19' title='bbox 1439 647 1504 708; x_wconf 83' lang='lat' dir='ltr'><strong>te</strong></span> <span class='ocrx_word' id='word_1_20' title='bbox 1551 642 1769 730; x_wconf 83' lang='lat' dir='ltr'><strong>aliqua</strong></span> <span class='ocrx_word' id='word_1_21' title='bbox 1812 643 1917 708; x_wconf 86' lang='lat' dir='ltr'><strong>via</strong></span> <span class='ocrx_word' id='word_1_22' title='bbox 1963 666 2038 710; x_wconf 89' lang='lat' dir='ltr'><strong>ac</strong></span> <span class='ocrx_word' id='word_1_23' title='bbox 2091 646 2340 710; x_wconf 89' lang='lat' dir='ltr'><strong>ratione</strong></span> <span class='ocrx_word' id='word_1_24' title='bbox 2396 646 2755 732; x_wconf 84' lang='lat' dir='ltr'><strong>explicaris,</strong></span> 
     </span>
     <span class='ocr_line' id='line_1_4' title="bbox 598 751 2760 837; baseline 0.001 -20"><span class='ocrx_word' id='word_1_25' title='bbox 598 754 678 817; x_wconf 92' lang='lat' dir='ltr'><strong>in</strong></span> <span class='ocrx_word' id='word_1_26' title='bbox 742 754 919 817; x_wconf 89' lang='lat' dir='ltr'><strong>illas</strong></span> <span class='ocrx_word' id='word_1_27' title='bbox 986 752 1107 817; x_wconf 86' lang='lat' dir='ltr'><strong>tibi</strong></span> <span class='ocrx_word' id='word_1_28' title='bbox 1171 751 1499 816; x_wconf 89' lang='lat' dir='ltr'><strong>maiores</strong></span> <span class='ocrx_word' id='word_1_29' title='bbox 1565 751 1835 837; x_wconf 81' lang='lat' dir='ltr'><strong>plagas</strong></span> <span class='ocrx_word' id='word_1_30' title='bbox 1899 752 2408 817; x_wconf 44' lang='lat' dir='ltr'><strong>incidendum«</strong></span> <span class='ocrx_word' id='word_1_31' title='bbox 2468 757 2611 837; x_wconf 82' lang='lat' dir='ltr'><strong>est,</strong></span> <span class='ocrx_word' id='word_1_32' title='bbox 2653 754 2760 822; x_wconf 74' lang='lat' dir='ltr'><strong>in,</strong></span> 
     </span>
     <span class='ocr_line' id='line_1_5' title="bbox 600 857 2752 945; baseline -0 -21"><span class='ocrx_word' id='word_1_33' title='bbox 600 859 889 945; x_wconf 87' lang='lat' dir='ltr'><strong>quibus</strong></span> <span class='ocrx_word' id='word_1_34' title='bbox 925 863 999 924; x_wconf 82' lang='lat' dir='ltr'><strong>te</strong></span> <span class='ocrx_word' id='word_1_35' title='bbox 1064 858 1153 923; x_wconf 92' lang='lat' dir='ltr'><strong>ab</strong></span> <span class='ocrx_word' id='word_1_36' title='bbox 1219 858 1478 922; x_wconf 91' lang='lat' dir='ltr'><strong>eodem</strong></span> <span class='ocrx_word' id='word_1_37' title='bbox 1543 879 1657 921; x_wconf 90' lang='lat' dir='ltr'><strong>me</strong></span> <span class='ocrx_word' id='word_1_38' title='bbox 1721 857 2047 942; x_wconf 81' lang='lat' dir='ltr'><strong>superiore</strong></span> <span class='ocrx_word' id='word_1_39' title='bbox 2113 860 2397 934; x_wconf 58' lang='lat' dir='ltr'><strong>exdoco</strong></span> <span class='ocrx_word' id='word_1_40' title='bbox 2461 859 2752 925; x_wconf 86' lang='lat' dir='ltr'><strong>confici</strong></span> 
     </span>
     <span class='ocr_line' id='line_1_6' title="bbox 599 962 2807 1049; baseline -0.001 -19"><span class='ocrx_word' id='word_1_41' title='bbox 599 969 673 1031; x_wconf 88' lang='lat' dir='ltr'><strong>et</strong></span> <span class='ocrx_word' id='word_1_42' title='bbox 738 965 1042 1031; x_wconf 87' lang='lat' dir='ltr'><strong>concidi</strong></span> <span class='ocrx_word' id='word_1_43' title='bbox 1101 986 1417 1030; x_wconf 86' lang='lat' dir='ltr'><strong>necesse</strong></span> <span class='ocrx_word' id='word_1_44' title='bbox 1478 966 1609 1029; x_wconf 87' lang='lat' dir='ltr'><strong>est.</strong></span> <span class='ocrx_word' id='word_1_45' title='bbox 1704 962 1823 1028; x_wconf 81' lang='lat' dir='ltr'><strong>Oui</strong></span> <span class='ocrx_word' id='word_1_46' title='bbox 1882 966 1938 1029; x_wconf 90' lang='lat' dir='ltr'><strong>si</strong></span> <span class='ocrx_word' id='word_1_47' title='bbox 1993 966 2188 1030; x_wconf 89' lang='lat' dir='ltr'><strong>etiam</strong></span> <span class='ocrx_word' id='word_1_48' title='bbox 2242 966 2338 1049; x_wconf 89' lang='lat' dir='ltr'><strong>id,</strong></span> <span class='ocrx_word' id='word_1_49' title='bbox 2407 966 2581 1049; x_wconf 91' lang='lat' dir='ltr'><strong>quod</strong></span> <span class='ocrx_word' id='word_1_50' title='bbox 2646 967 2807 1031; x_wconf 81' lang='lat' dir='ltr'><strong>de-5</strong></span> 
     </span>
     <span class='ocr_line' id='line_1_7' title="bbox 598 1071 2750 1156; baseline -0 -19"><span class='ocrx_word' id='word_1_51' title='bbox 598 1072 833 1156; x_wconf 89' lang='lat' dir='ltr'><strong>fendit,</strong></span> <span class='ocrx_word' id='word_1_52' title='bbox 896 1072 1089 1138; x_wconf 83' lang='lat' dir='ltr'><strong>velim</strong></span> <span class='ocrx_word' id='word_1_53' title='bbox 1156 1073 1531 1154; x_wconf 77' lang='lat' dir='ltr'><strong>concedere,</strong></span> <span class='ocrx_word' id='word_1_54' title='bbox 1597 1074 1816 1136; x_wconf 89' lang='lat' dir='ltr'><strong>tamen</strong></span> <span class='ocrx_word' id='word_1_55' title='bbox 1877 1071 2019 1155; x_wconf 88' lang='lat' dir='ltr'><strong>ipsa</strong></span> <span class='ocrx_word' id='word_1_56' title='bbox 2069 1072 2181 1136; x_wconf 84' lang='lat' dir='ltr'><strong>illa</strong></span> <span class='ocrx_word' id='word_1_57' title='bbox 2230 1071 2394 1136; x_wconf 81' lang='lat' dir='ltr'><strong>falsa</strong></span> <span class='ocrx_word' id='word_1_58' title='bbox 2466 1073 2750 1138; x_wconf 77' lang='lat' dir='ltr'><strong>defensio</strong></span> 
     </span>
    </p>
   </div>
   <div class='ocr_carea' id='block_1_3' title="bbox 597 1177 2748 1351">
    <p class='ocr_par' dir='ltr' id='par_1_3' title="bbox 597 1177 2748 1351">
     <span class='ocr_line' id='line_1_8' title="bbox 597 1177 2748 1262; baseline 0 -18"><span class='ocrx_word' id='word_1_59' title='bbox 597 1202 732 1245; x_wconf 93' lang='lat' dir='ltr'><strong>non</strong></span> <span class='ocrx_word' id='word_1_60' title='bbox 782 1179 993 1243; x_wconf 88' lang='lat' dir='ltr'><strong>minus</strong></span> <span class='ocrx_word' id='word_1_61' title='bbox 1051 1200 1189 1244; x_wconf 88' lang='lat' dir='ltr'><strong>esse</strong></span> <span class='ocrx_word' id='word_1_62' title='bbox 1254 1179 1313 1243; x_wconf 93' lang='lat' dir='ltr'><strong>ei</strong></span> <span class='ocrx_word' id='word_1_63' title='bbox 1377 1177 1738 1262; x_wconf 86' lang='lat' dir='ltr'><strong>perniciosa</strong></span> <span class='ocrx_word' id='word_1_64' title='bbox 1799 1199 1992 1260; x_wconf 90' lang='lat' dir='ltr'><strong>quam</strong></span> <span class='ocrx_word' id='word_1_65' title='bbox 2041 1199 2185 1242; x_wconf 90' lang='lat' dir='ltr'><strong>mea</strong></span> <span class='ocrx_word' id='word_1_66' title='bbox 2229 1201 2381 1243; x_wconf 86' lang='lat' dir='ltr'><strong>vera</strong></span> <span class='ocrx_word' id='word_1_67' title='bbox 2412 1180 2748 1245; x_wconf 75' lang='lat' dir='ltr'><strong>&#39;accusatio</strong></span> 
     </span>
     <span class='ocr_line' id='line_1_9' title="bbox 603 1286 851 1351; baseline 0 -2"><span class='ocrx_word' id='word_1_68' title='bbox 603 1286 851 1351; x_wconf 89' lang='lat' dir='ltr'><strong>debeat.</strong></span> 
     </span>
    </p>
   </div>
   <div class='ocr_carea' id='block_1_4' title="bbox 456 1390 2835 4255">
    <p class='ocr_par' dir='ltr' id='par_1_4' title="bbox 596 1390 2835 1692">
     <span class='ocr_line' id='line_1_10' title="bbox 778 1390 2749 1478; baseline 0.001 -22"><span class='ocrx_word' id='word_1_69' title='bbox 778 1391 947 1469; x_wconf 81' lang='lat' dir='ltr'><strong>Quid</strong></span> <span class='ocrx_word' id='word_1_70' title='bbox 1006 1392 1176 1456; x_wconf 91' lang='lat' dir='ltr'><strong>enim</strong></span> <span class='ocrx_word' id='word_1_71' title='bbox 1234 1390 1562 1456; x_wconf 76' lang='lat' dir='ltr'><strong>defendit?</strong></span> <span class='ocrx_word' id='word_1_72' title='bbox 1651 1391 1764 1455; x_wconf 83' lang='lat' dir='ltr'><strong>Ex</strong></span> <span class='ocrx_word' id='word_1_73' title='bbox 1809 1390 2188 1475; x_wconf 82' lang='lat' dir='ltr'><strong>Hispania</strong></span> <span class='ocrx_word' id='word_1_74' title='bbox 2233 1391 2623 1478; x_wconf 87' lang='lat' dir='ltr'><strong>fugientes</strong></span> <span class='ocrx_word' id='word_1_75' title='bbox 2670 1415 2749 1458; x_wconf 88' lang='lat' dir='ltr'><strong>se</strong></span> 
     </span>
     <span class='ocr_line' id='line_1_11' title="bbox 598 1487 2835 1583; baseline -0.001 -20"><span class='ocrx_word' id='word_1_76' title='bbox 598 1499 993 1583; x_wconf 84' lang='lat' dir='ltr'><strong>excepisse</strong></span> <span class='ocrx_word' id='word_1_77' title='bbox 1040 1501 1114 1562; x_wconf 90' lang='lat' dir='ltr'><strong>et</strong></span> <span class='ocrx_word' id='word_1_78' title='bbox 1161 1498 1548 1582; x_wconf 90' lang='lat' dir='ltr'><strong>supplicio</strong></span> <span class='ocrx_word' id='word_1_79' title='bbox 1598 1497 1980 1563; x_wconf 83' lang='lat' dir='ltr'><strong>adfecisse</strong></span> <span class='ocrx_word' id='word_1_80' title='bbox 2027 1498 2236 1563; x_wconf 86' lang='lat' dir='ltr'><strong>dicit.</strong></span> <span class='ocrx_word' id='word_1_81' title='bbox 2312 1497 2468 1575; x_wconf 80' lang='lat' dir='ltr'><strong>Quis</strong></span> <span class='ocrx_word' id='word_1_82' title='bbox 2516 1487 2644 1563; x_wconf 82' lang='lat' dir='ltr'><strong>tibi</strong></span> <span class='ocrx_word' id='word_1_83' title='bbox 2681 1499 2835 1563; x_wconf 81' lang='lat' dir='ltr'><strong>idm</strong></span> 
     </span>
     <span class='ocr_line' id='line_1_12' title="bbox 596 1604 2751 1692; baseline -0 -22"><span class='ocrx_word' id='word_1_84' title='bbox 596 1605 933 1692; x_wconf 78' lang='lat' dir='ltr'><strong>permisit?</strong></span> <span class='ocrx_word' id='word_1_85' title='bbox 1023 1604 1165 1681; x_wconf 84' lang='lat' dir='ltr'><strong>Quo</strong></span> <span class='ocrx_word' id='word_1_86' title='bbox 1212 1605 1349 1669; x_wconf 89' lang='lat' dir='ltr'><strong>iure</strong></span> <span class='ocrx_word' id='word_1_87' title='bbox 1395 1604 1656 1670; x_wconf 75' lang='lat' dir='ltr'><strong>fecisti?</strong></span> <span class='ocrx_word' id='word_1_88' title='bbox 1741 1604 1899 1682; x_wconf 82' lang='lat' dir='ltr'><strong>Quis</strong></span> <span class='ocrx_word' id='word_1_89' title='bbox 1946 1605 2118 1669; x_wconf 91' lang='lat' dir='ltr'><strong>idem</strong></span> <span class='ocrx_word' id='word_1_90' title='bbox 2163 1604 2362 1670; x_wconf 79' lang='lat' dir='ltr'><strong>fecit?</strong></span> <span class='ocrx_word' id='word_1_91' title='bbox 2425 1605 2576 1683; x_wconf 13' lang='lat' dir='ltr'><strong>,Qui</strong></span> <span class='ocrx_word' id='word_1_92' title='bbox 2629 1606 2751 1670; x_wconf 91' lang='lat' dir='ltr'><strong>tibi</strong></span> 
     </span>
    </p>

    <p class='ocr_par' dir='ltr' id='par_1_5' title="bbox 458 1711 2827 2332">
     <span class='ocr_line' id='line_1_13' title="bbox 458 1711 2748 1795; baseline -0.001 -17"><span class='ocrx_word' id='word_1_93' title='bbox 458 1729 557 1778; x_wconf 82' lang='lat'><strong>152</strong></span> <span class='ocrx_word' id='word_1_94' title='bbox 596 1712 662 1776; x_wconf 92' lang='lat' dir='ltr'><strong>id</strong></span> <span class='ocrx_word' id='word_1_95' title='bbox 708 1713 917 1778; x_wconf 88' lang='lat' dir='ltr'><strong>facere</strong></span> <span class='ocrx_word' id='word_1_96' title='bbox 962 1711 1192 1777; x_wconf 79' lang='lat' dir='ltr'><strong>licuit?</strong></span> <span class='ocrx_word' id='word_1_97' title='bbox 1279 1711 1555 1777; x_wconf 84' lang='lat' dir='ltr'><strong>Forum</strong></span> <span class='ocrx_word' id='word_1_98' title='bbox 1605 1713 1912 1795; x_wconf 89' lang='lat' dir='ltr'><strong>plenum</strong></span> <span class='ocrx_word' id='word_1_99' title='bbox 1960 1716 2026 1776; x_wconf 91' lang='lat' dir='ltr'><strong>et</strong></span> <span class='ocrx_word' id='word_1_100' title='bbox 2071 1712 2367 1777; x_wconf 84' lang='lat' dir='ltr'><strong>basilicas</strong></span> <span class='ocrx_word' id='word_1_101' title='bbox 2422 1712 2748 1778; x_wconf 83' lang='lat' dir='ltr'><strong>istorum</strong></span> 
     </span>
     <span class='ocr_line' id='line_1_14' title="bbox 596 1817 2748 1902; baseline 0 -19"><span class='ocrx_word' id='word_1_102' title='bbox 596 1820 987 1886; x_wconf 87' lang='lat' dir='ltr'><strong>hominum</strong></span> <span class='ocrx_word' id='word_1_103' title='bbox 1034 1819 1353 1902; x_wconf 81' lang='lat' dir='ltr'><strong>videmus,</strong></span> <span class='ocrx_word' id='word_1_104' title='bbox 1399 1822 1464 1883; x_wconf 90' lang='lat' dir='ltr'><strong>et</strong></span> <span class='ocrx_word' id='word_1_105' title='bbox 1520 1819 1770 1884; x_wconf 91' lang='lat' dir='ltr'><strong>animo</strong></span> <span class='ocrx_word' id='word_1_106' title='bbox 1818 1839 2059 1902; x_wconf 88' lang='lat' dir='ltr'><strong>aequo</strong></span> <span class='ocrx_word' id='word_1_107' title='bbox 2106 1819 2492 1902; x_wconf 33' lang='lat' dir='ltr'><strong>videmus..</strong></span> <span class='ocrx_word' id='word_1_108' title='bbox 2531 1817 2748 1885; x_wconf 82' lang='lat' dir='ltr'><strong>Civilis</strong></span> 
     </span>
     <span class='ocr_line' id='line_1_15' title="bbox 598 1924 2748 2007; baseline 0 -17"><span class='ocrx_word' id='word_1_109' title='bbox 598 1927 769 1990; x_wconf 83' lang='lat' dir='ltr'><strong>enim</strong></span> <span class='ocrx_word' id='word_1_110' title='bbox 808 1924 1223 1990; x_wconf 87' lang='lat' dir='ltr'><strong>dissensionis</strong></span> <span class='ocrx_word' id='word_1_111' title='bbox 1263 1927 1328 1989; x_wconf 86' lang='lat' dir='ltr'><strong>et</strong></span> <span class='ocrx_word' id='word_1_112' title='bbox 1366 1946 1478 1988; x_wconf 89' lang='lat' dir='ltr'><strong>seu</strong></span> <span class='ocrx_word' id='word_1_113' title='bbox 1517 1927 1834 2007; x_wconf 76' lang='lat' dir='ltr'><strong>amentiae</strong></span> <span class='ocrx_word' id='word_1_114' title='bbox 1882 1947 1996 1990; x_wconf 89' lang='lat' dir='ltr'><strong>seu</strong></span> <span class='ocrx_word' id='word_1_115' title='bbox 2039 1925 2160 1990; x_wconf 86' lang='lat' dir='ltr'><strong>fati</strong></span> <span class='ocrx_word' id='word_1_116' title='bbox 2206 1947 2319 1991; x_wconf 89' lang='lat' dir='ltr'><strong>seu</strong></span> <span class='ocrx_word' id='word_1_117' title='bbox 2366 1926 2748 1992; x_wconf 71' lang='lat' dir='ltr'><strong>calamitatis</strong></span> 
     </span>
     <span class='ocr_line' id='line_1_16' title="bbox 595 2032 2827 2115; baseline -0.002 -17"><span class='ocrx_word' id='word_1_118' title='bbox 595 2055 729 2098; x_wconf 93' lang='lat' dir='ltr'><strong>non</strong></span> <span class='ocrx_word' id='word_1_119' title='bbox 776 2037 874 2098; x_wconf 90' lang='lat' dir='ltr'><strong>est</strong></span> <span class='ocrx_word' id='word_1_120' title='bbox 919 2032 1041 2097; x_wconf 87' lang='lat' dir='ltr'><strong>iste</strong></span> <span class='ocrx_word' id='word_1_121' title='bbox 1087 2033 1397 2096; x_wconf 89' lang='lat' dir='ltr'><strong>molestus</strong></span> <span class='ocrx_word' id='word_1_122' title='bbox 1447 2032 1685 2115; x_wconf 82' lang='lat' dir='ltr'><strong>exitus,</strong></span> <span class='ocrx_word' id='word_1_123' title='bbox 1730 2033 1799 2096; x_wconf 90' lang='lat' dir='ltr'><strong>in</strong></span> <span class='ocrx_word' id='word_1_124' title='bbox 1838 2054 1965 2115; x_wconf 91' lang='lat' dir='ltr'><strong>quo</strong></span> <span class='ocrx_word' id='word_1_125' title='bbox 2003 2033 2304 2115; x_wconf 77' lang='lat' dir='ltr'><strong>reliquos.</strong></span> <span class='ocrx_word' id='word_1_126' title='bbox 2326 2035 2554 2099; x_wconf 84' lang='lat' dir='ltr'><strong>saltem</strong></span> <span class='ocrx_word' id='word_1_127' title='bbox 2592 2033 2747 2099; x_wconf 85' lang='lat' dir='ltr'><strong>civis</strong></span> <span class='ocrx_word' id='word_1_128' title='bbox 2779 2053 2827 2094; x_wconf 66' lang='grc' dir='ltr'><strong>ιε</strong></span> 
     </span>
     <span class='ocr_line' id='line_1_17' title="bbox 597 2137 2750 2225; baseline 0 -21"><span class='ocrx_word' id='word_1_129' title='bbox 597 2139 937 2206; x_wconf 90' lang='lat' dir='ltr'><strong>incolumis</strong></span> <span class='ocrx_word' id='word_1_130' title='bbox 1002 2138 1155 2204; x_wconf 89' lang='lat' dir='ltr'><strong>licet</strong></span> <span class='ocrx_word' id='word_1_131' title='bbox 1219 2160 1610 2204; x_wconf 84' lang='lat' dir='ltr'><strong>conservare.</strong></span> <span class='ocrx_word' id='word_1_132' title='bbox 1704 2137 2001 2222; x_wconf 89' lang='lat' dir='ltr'><strong>Verres,</strong></span> <span class='ocrx_word' id='word_1_133' title='bbox 2063 2139 2173 2204; x_wconf 87' lang='lat' dir='ltr'><strong>ille</strong></span> <span class='ocrx_word' id='word_1_134' title='bbox 2218 2144 2402 2205; x_wconf 83' lang='lat' dir='ltr'><strong>vetus</strong></span> <span class='ocrx_word' id='word_1_135' title='bbox 2457 2141 2750 2225; x_wconf 88' lang='lat' dir='ltr'><strong>proditor</strong></span> 
     </span>
     <span class='ocr_line' id='line_1_18' title="bbox 598 2247 2750 2332; baseline 0 -21"><span class='ocrx_word' id='word_1_136' title='bbox 598 2247 905 2326; x_wconf 88' lang='lat' dir='ltr'><strong>consulis,</strong></span> <span class='ocrx_word' id='word_1_137' title='bbox 952 2247 1302 2310; x_wconf 80' lang='lat' dir='ltr'><strong>translator</strong></span> <span class='ocrx_word' id='word_1_138' title='bbox 1348 2249 1757 2330; x_wconf 87' lang='lat' dir='ltr'><strong>quaesturae,</strong></span> <span class='ocrx_word' id='word_1_139' title='bbox 1793 2266 2053 2311; x_wconf 83' lang='lat' dir='ltr'><strong>aversor</strong></span> <span class='ocrx_word' id='word_1_140' title='bbox 2086 2247 2398 2330; x_wconf 89' lang='lat' dir='ltr'><strong>pecuniae</strong></span> <span class='ocrx_word' id='word_1_141' title='bbox 2433 2247 2750 2332; x_wconf 85' lang='lat' dir='ltr'><strong>publicae,</strong></span> 
     </span>
    </p>

    <p class='ocr_par' dir='ltr' id='par_1_6' title="bbox 543 2349 2829 2865">
     <span class='ocr_line' id='line_1_19' title="bbox 543 2349 2749 2439; baseline 0 -21"><span class='ocrx_word' id='word_1_142' title='bbox 543 2388 547 2392; x_wconf 95' lang='lat'><em>·</em></span> <span class='ocrx_word' id='word_1_143' title='bbox 596 2356 893 2418; x_wconf 89' lang='lat' dir='ltr'><strong>tantum</strong></span> <span class='ocrx_word' id='word_1_144' title='bbox 942 2352 1066 2418; x_wconf 88' lang='lat' dir='ltr'><strong>sibi</strong></span> <span class='ocrx_word' id='word_1_145' title='bbox 1111 2353 1610 2419; x_wconf 87' lang='lat' dir='ltr'><strong>auctoritatis</strong></span> <span class='ocrx_word' id='word_1_146' title='bbox 1656 2354 1727 2417; x_wconf 91' lang='lat' dir='ltr'><strong>in</strong></span> <span class='ocrx_word' id='word_1_147' title='bbox 1770 2375 1838 2418; x_wconf 91' lang='lat' dir='ltr'><strong>re</strong></span> <span class='ocrx_word' id='word_1_148' title='bbox 1889 2349 2150 2437; x_wconf 87' lang='lat' dir='ltr'><strong>publica</strong></span> <span class='ocrx_word' id='word_1_149' title='bbox 2205 2354 2580 2439; x_wconf 86' lang='lat' dir='ltr'><strong>suscepit,</strong></span> <span class='ocrx_word' id='word_1_150' title='bbox 2637 2357 2749 2438; x_wconf 89' lang='lat' dir='ltr'><strong>ut,</strong></span> 
     </span>
     <span class='ocr_line' id='line_1_20' title="bbox 598 2460 2749 2546; baseline 0.001 -21"><span class='ocrx_word' id='word_1_151' title='bbox 598 2461 831 2545; x_wconf 91' lang='lat' dir='ltr'><strong>quibus</strong></span> <span class='ocrx_word' id='word_1_152' title='bbox 878 2460 1249 2525; x_wconf 87' lang='lat' dir='ltr'><strong>hominibus</strong></span> <span class='ocrx_word' id='word_1_153' title='bbox 1295 2483 1413 2543; x_wconf 91' lang='lat' dir='ltr'><strong>per</strong></span> <span class='ocrx_word' id='word_1_154' title='bbox 1457 2464 1781 2542; x_wconf 87' lang='lat' dir='ltr'><strong>senatum,</strong></span> <span class='ocrx_word' id='word_1_155' title='bbox 1842 2482 1957 2543; x_wconf 90' lang='lat' dir='ltr'><strong>per</strong></span> <span class='ocrx_word' id='word_1_156' title='bbox 2000 2463 2317 2546; x_wconf 89' lang='lat' dir='ltr'><strong>populum</strong></span> <span class='ocrx_word' id='word_1_157' title='bbox 2364 2461 2749 2545; x_wconf 83' lang='lat' dir='ltr'><strong>Romanum,</strong></span> 
     </span>
     <span class='ocr_line' id='line_1_21' title="bbox 596 2566 2829 2655; baseline 0.001 -24"><span class='ocrx_word' id='word_1_158' title='bbox 596 2590 712 2650; x_wconf 88' lang='lat' dir='ltr'><strong>per</strong></span> <span class='ocrx_word' id='word_1_159' title='bbox 786 2589 1007 2632; x_wconf 90' lang='lat' dir='ltr'><strong>omnes</strong></span> <span class='ocrx_word' id='word_1_160' title='bbox 1073 2568 1519 2652; x_wconf 84' lang='lat' dir='ltr'><strong>magistratus,</strong></span> <span class='ocrx_word' id='word_1_161' title='bbox 1581 2568 1651 2631; x_wconf 91' lang='lat' dir='ltr'><strong>in</strong></span> <span class='ocrx_word' id='word_1_162' title='bbox 1713 2566 1885 2651; x_wconf 89' lang='lat' dir='ltr'><strong>foro,</strong></span> <span class='ocrx_word' id='word_1_163' title='bbox 1947 2569 2018 2633; x_wconf 91' lang='lat' dir='ltr'><strong>in</strong></span> <span class='ocrx_word' id='word_1_164' title='bbox 2082 2569 2432 2655; x_wconf 86' lang='lat' dir='ltr'><strong>suffragiis,</strong></span> <span class='ocrx_word' id='word_1_165' title='bbox 2494 2569 2562 2633; x_wconf 92' lang='lat' dir='ltr'><strong>in</strong></span> <span class='ocrx_word' id='word_1_166' title='bbox 2627 2569 2748 2634; x_wconf 85' lang='lat' dir='ltr'><strong>hac</strong></span> <span class='ocrx_word' id='word_1_167' title='bbox 2776 2588 2829 2628; x_wconf 78' lang='lat'><strong>20</strong></span> 
     </span>
     <span class='ocr_line' id='line_1_22' title="bbox 596 2674 2747 2758; baseline 0 -20"><span class='ocrx_word' id='word_1_168' title='bbox 596 2674 783 2757; x_wconf 91' lang='lat' dir='ltr'><strong>urbe,</strong></span> <span class='ocrx_word' id='word_1_169' title='bbox 827 2674 897 2737; x_wconf 92' lang='lat' dir='ltr'><strong>in</strong></span> <span class='ocrx_word' id='word_1_170' title='bbox 933 2696 1003 2738; x_wconf 91' lang='lat' dir='ltr'><strong>re</strong></span> <span class='ocrx_word' id='word_1_171' title='bbox 1039 2674 1300 2757; x_wconf 88' lang='lat' dir='ltr'><strong>publica</strong></span> <span class='ocrx_word' id='word_1_172' title='bbox 1336 2674 1577 2739; x_wconf 83' lang='lat' dir='ltr'><strong>versari</strong></span> <span class='ocrx_word' id='word_1_173' title='bbox 1613 2674 1863 2758; x_wconf 87' lang='lat' dir='ltr'><strong>liceret,</strong></span> <span class='ocrx_word' id='word_1_174' title='bbox 1898 2675 1979 2738; x_wconf 89' lang='lat' dir='ltr'><strong>iis</strong></span> <span class='ocrx_word' id='word_1_175' title='bbox 2027 2675 2378 2740; x_wconf 92' lang='lat' dir='ltr'><strong>omnibus</strong></span> <span class='ocrx_word' id='word_1_176' title='bbox 2425 2679 2747 2740; x_wconf 83' lang='lat' dir='ltr'><strong>mortem</strong></span> 
     </span>
     <span class='ocr_line' id='line_1_23' title="bbox 596 2781 2745 2865; baseline -0 -19"><span class='ocrx_word' id='word_1_177' title='bbox 596 2781 923 2846; x_wconf 81' lang='lat' dir='ltr'><strong>acerbam.</strong></span> <span class='ocrx_word' id='word_1_178' title='bbox 956 2781 1405 2863; x_wconf 86' lang='lat' dir='ltr'><strong>crudelemque</strong></span> <span class='ocrx_word' id='word_1_179' title='bbox 1468 2785 1963 2865; x_wconf 88' lang='lat' dir='ltr'><strong>proponeret,</strong></span> <span class='ocrx_word' id='word_1_180' title='bbox 2028 2783 2084 2847; x_wconf 91' lang='lat' dir='ltr'><strong>si</strong></span> <span class='ocrx_word' id='word_1_181' title='bbox 2154 2781 2416 2848; x_wconf 86' lang='lat' dir='ltr'><strong>fortuna</strong></span> <span class='ocrx_word' id='word_1_182' title='bbox 2487 2801 2593 2846; x_wconf 91' lang='lat' dir='ltr'><strong>eos</strong></span> <span class='ocrx_word' id='word_1_183' title='bbox 2664 2782 2745 2845; x_wconf 87' lang='lat' dir='ltr'><strong>ad</strong></span> 
     </span>
    </p>

    <p class='ocr_par' dir='ltr' id='par_1_7' title="bbox 456 2886 2829 4255">
     <span class='ocr_line' id='line_1_24' title="bbox 456 2886 2747 2972; baseline -0.001 -19"><span class='ocrx_word' id='word_1_184' title='bbox 456 2905 559 2954; x_wconf 81' lang='lat'><strong>153</strong></span> <span class='ocrx_word' id='word_1_185' title='bbox 597 2889 880 2972; x_wconf 85' lang='lat' dir='ltr'><strong>aliquam</strong></span> <span class='ocrx_word' id='word_1_186' title='bbox 927 2892 1175 2971; x_wconf 87' lang='lat' dir='ltr'><strong>partem</strong></span> <span class='ocrx_word' id='word_1_187' title='bbox 1225 2886 1484 2953; x_wconf 84' lang='lat' dir='ltr'><strong>Siciliae</strong></span> <span class='ocrx_word' id='word_1_188' title='bbox 1532 2889 1884 2953; x_wconf 86' lang='lat' dir='ltr'><strong>detulisset.</strong></span> <span class='ocrx_word' id='word_1_189' title='bbox 1957 2886 2072 2952; x_wconf 87' lang='lat' dir='ltr'><strong>Ad</strong></span> <span class='ocrx_word' id='word_1_190' title='bbox 2120 2887 2237 2953; x_wconf 85' lang='lat' dir='ltr'><strong>Cn.</strong></span> <span class='ocrx_word' id='word_1_191' title='bbox 2277 2888 2747 2972; x_wconf 88' lang='lat' dir='ltr'><strong>Pompeium,</strong></span> 
     </span>
     <span class='ocr_line' id='line_1_25' title="bbox 596 2994 2747 3079; baseline 0 -19"><span class='ocrx_word' id='word_1_192' title='bbox 596 2996 1022 3060; x_wconf 85' lang='lat' dir='ltr'><strong>clarissimum</strong></span> <span class='ocrx_word' id='word_1_193' title='bbox 1060 2996 1270 3059; x_wconf 82' lang='lat' dir='ltr'><strong>virum</strong></span> <span class='ocrx_word' id='word_1_194' title='bbox 1319 2999 1385 3063; x_wconf 88' lang='lat' dir='ltr'><strong>et</strong></span> <span class='ocrx_word' id='word_1_195' title='bbox 1428 2995 1883 3079; x_wconf 88' lang='lat' dir='ltr'><strong>fortissimum,</strong></span> <span class='ocrx_word' id='word_1_196' title='bbox 1927 2995 2295 3079; x_wconf 87' lang='lat' dir='ltr'><strong>permulti</strong></span> <span class='ocrx_word' id='word_1_197' title='bbox 2341 2996 2567 3061; x_wconf 90' lang='lat' dir='ltr'><strong>occiso.</strong></span> <span class='ocrx_word' id='word_1_198' title='bbox 2600 2994 2747 3060; x_wconf 90' lang='lat' dir='ltr'><strong>Per-</strong></span> 
     </span>
     <span class='ocr_line' id='line_1_26' title="bbox 594 3100 2829 3187; baseline -0.002 -20"><span class='ocrx_word' id='word_1_199' title='bbox 594 3125 794 3186; x_wconf 89' lang='lat' dir='ltr'><strong>perna</strong></span> <span class='ocrx_word' id='word_1_200' title='bbox 840 3125 920 3166; x_wconf 84' lang='lat' dir='ltr'><strong>ex</strong></span> <span class='ocrx_word' id='word_1_201' title='bbox 964 3102 1078 3166; x_wconf 88' lang='lat' dir='ltr'><strong>illo</strong></span> <span class='ocrx_word' id='word_1_202' title='bbox 1127 3100 1497 3167; x_wconf 85' lang='lat' dir='ltr'><strong>Sertoriano</strong></span> <span class='ocrx_word' id='word_1_203' title='bbox 1544 3124 1813 3167; x_wconf 90' lang='lat' dir='ltr'><strong>numero</strong></span> <span class='ocrx_word' id='word_1_204' title='bbox 1862 3102 2143 3167; x_wconf 86' lang='lat' dir='ltr'><strong>militum</strong></span> <span class='ocrx_word' id='word_1_205' title='bbox 2208 3101 2744 3187; x_wconf 84' lang='lat' dir='ltr'><strong>confugerunt.</strong></span> <span class='ocrx_word' id='word_1_206' title='bbox 2774 3120 2829 3162; x_wconf 78' lang='lat'><strong>25</strong></span> 
     </span>
     <span class='ocr_line' id='line_1_27' title="bbox 596 3206 2747 3293; baseline 0 -21"><span class='ocrx_word' id='word_1_207' title='bbox 596 3207 800 3285; x_wconf 80' lang='lat' dir='ltr'><strong>Quem</strong></span> <span class='ocrx_word' id='word_1_208' title='bbox 846 3230 981 3273; x_wconf 93' lang='lat' dir='ltr'><strong>non</strong></span> <span class='ocrx_word' id='word_1_209' title='bbox 1024 3208 1134 3272; x_wconf 89' lang='lat' dir='ltr'><strong>ille</strong></span> <span class='ocrx_word' id='word_1_210' title='bbox 1180 3229 1439 3274; x_wconf 91' lang='lat' dir='ltr'><strong>summo.</strong></span> <span class='ocrx_word' id='word_1_211' title='bbox 1483 3231 1630 3274; x_wconf 89' lang='lat' dir='ltr'><strong>cum</strong></span> <span class='ocrx_word' id='word_1_212' title='bbox 1677 3209 1889 3273; x_wconf 92' lang='lat' dir='ltr'><strong>studio</strong></span> <span class='ocrx_word' id='word_1_213' title='bbox 1938 3210 2183 3273; x_wconf 83' lang='lat' dir='ltr'><strong>salvom</strong></span> <span class='ocrx_word' id='word_1_214' title='bbox 2229 3206 2747 3293; x_wconf 86' lang='lat' dir='ltr'><strong>incolumemque</strong></span> 
     </span>
     <span class='ocr_line' id='line_1_28' title="bbox 596 3312 2746 3397; baseline 0.001 -21"><span class='ocrx_word' id='word_1_215' title='bbox 596 3312 918 3376; x_wconf 55' lang='lat' dir='ltr'><strong>servavit}&gt;</strong></span> <span class='ocrx_word' id='word_1_216' title='bbox 993 3312 1110 3376; x_wconf 85' lang='lat' dir='ltr'><strong>Cui</strong></span> <span class='ocrx_word' id='word_1_217' title='bbox 1148 3314 1273 3377; x_wconf 85' lang='lat' dir='ltr'><strong>civi</strong></span> <span class='ocrx_word' id='word_1_218' title='bbox 1311 3315 1589 3397; x_wconf 84' lang='lat' dir='ltr'><strong>supplici</strong></span> <span class='ocrx_word' id='word_1_219' title='bbox 1624 3336 1758 3380; x_wconf 92' lang='lat' dir='ltr'><strong>non</strong></span> <span class='ocrx_word' id='word_1_220' title='bbox 1802 3315 1916 3379; x_wconf 87' lang='lat' dir='ltr'><strong>illa</strong></span> <span class='ocrx_word' id='word_1_221' title='bbox 1961 3315 2222 3380; x_wconf 85' lang='lat' dir='ltr'><strong>dextera</strong></span> <span class='ocrx_word' id='word_1_222' title='bbox 2265 3315 2509 3381; x_wconf 83' lang='lat' dir='ltr'><strong>invicta</strong></span> <span class='ocrx_word' id='word_1_223' title='bbox 2552 3316 2746 3380; x_wconf 90' lang='lat' dir='ltr'><strong>fidem</strong></span> 
     </span>
     <span class='ocr_line' id='line_1_29' title="bbox 590 3419 2745 3504; baseline 0.001 -21"><span class='ocrx_word' id='word_1_224' title='bbox 590 3419 881 3503; x_wconf 85' lang='lat' dir='ltr'><strong>porrexit</strong></span> <span class='ocrx_word' id='word_1_225' title='bbox 926 3424 991 3484; x_wconf 90' lang='lat' dir='ltr'><strong>et</strong></span> <span class='ocrx_word' id='word_1_226' title='bbox 1036 3441 1214 3504; x_wconf 89' lang='lat' dir='ltr'><strong>spem</strong></span> <span class='ocrx_word' id='word_1_227' title='bbox 1263 3422 1487 3486; x_wconf 86' lang='lat' dir='ltr'><strong>salutis</strong></span> <span class='ocrx_word' id='word_1_228' title='bbox 1537 3422 1860 3487; x_wconf 77' lang='lat' dir='ltr'><strong>ostendit?</strong></span> <span class='ocrx_word' id='word_1_229' title='bbox 1949 3420 2132 3487; x_wconf 86' lang='lat' dir='ltr'><strong>Itane</strong></span> <span class='ocrx_word' id='word_1_230' title='bbox 2177 3423 2374 3488; x_wconf 81' lang='lat' dir='ltr'><strong>vero?</strong></span> <span class='ocrx_word' id='word_1_231' title='bbox 2456 3422 2745 3499; x_wconf 84' lang='lat' dir='ltr'><strong>Quibus</strong></span> 
     </span>
     <span class='ocr_line' id='line_1_30' title="bbox 593 3526 2744 3613; baseline 0.001 -23"><span class='ocrx_word' id='word_1_232' title='bbox 593 3526 745 3591; x_wconf 90' lang='lat' dir='ltr'><strong>fuit</strong></span> <span class='ocrx_word' id='word_1_233' title='bbox 793 3531 1060 3611; x_wconf 84' lang='lat' dir='ltr'><strong>portus</strong></span> <span class='ocrx_word' id='word_1_234' title='bbox 1108 3529 1306 3612; x_wconf 86' lang='lat' dir='ltr'><strong>apud</strong></span> <span class='ocrx_word' id='word_1_235' title='bbox 1354 3551 1547 3613; x_wconf 89' lang='lat' dir='ltr'><strong>eum,</strong></span> <span class='ocrx_word' id='word_1_236' title='bbox 1586 3550 1778 3612; x_wconf 91' lang='lat' dir='ltr'><strong>quem</strong></span> <span class='ocrx_word' id='word_1_237' title='bbox 1818 3532 2041 3594; x_wconf 86' lang='lat' dir='ltr'><strong>contra</strong></span> <span class='ocrx_word' id='word_1_238' title='bbox 2078 3552 2255 3594; x_wconf 86' lang='lat' dir='ltr'><strong>arma</strong></span> <span class='ocrx_word' id='word_1_239' title='bbox 2291 3530 2601 3612; x_wconf 84' lang='lat' dir='ltr'><strong>tulerant,</strong></span> <span class='ocrx_word' id='word_1_240' title='bbox 2637 3528 2744 3592; x_wconf 90' lang='lat' dir='ltr'><strong>eis</strong></span> 
     </span>
     <span class='ocr_line' id='line_1_31' title="bbox 595 3633 2827 3728; baseline 0.002 -32"><span class='ocrx_word' id='word_1_241' title='bbox 595 3633 793 3717; x_wconf 90' lang='lat' dir='ltr'><strong>apud</strong></span> <span class='ocrx_word' id='word_1_242' title='bbox 839 3637 940 3718; x_wconf 87' lang='lat' dir='ltr'><strong>te,</strong></span> <span class='ocrx_word' id='word_1_243' title='bbox 979 3633 1158 3699; x_wconf 90' lang='lat' dir='ltr'><strong>cuius</strong></span> <span class='ocrx_word' id='word_1_244' title='bbox 1195 3637 1448 3728; x_wconf 87' lang='lat' dir='ltr'><strong>nullum</strong></span> <span class='ocrx_word' id='word_1_245' title='bbox 1487 3637 1555 3700; x_wconf 89' lang='lat' dir='ltr'><strong>in</strong></span> <span class='ocrx_word' id='word_1_246' title='bbox 1592 3658 1661 3700; x_wconf 91' lang='lat' dir='ltr'><strong>re</strong></span> <span class='ocrx_word' id='word_1_247' title='bbox 1699 3636 1959 3719; x_wconf 89' lang='lat' dir='ltr'><strong>publica</strong></span> <span class='ocrx_word' id='word_1_248' title='bbox 1995 3640 2397 3708; x_wconf 87' lang='lat' dir='ltr'><strong>momentum</strong></span> <span class='ocrx_word' id='word_1_249' title='bbox 2433 3657 2741 3721; x_wconf 87' lang='lat' dir='ltr'><strong>umquam</strong></span> <span class='ocrx_word' id='word_1_250' title='bbox 2774 3653 2827 3693; x_wconf 75' lang='grc' dir='ltr'><strong>ω</strong></span> 
     </span>
     <span class='ocr_line' id='line_1_32' title="bbox 593 3740 2746 3824; baseline 0.002 -22"><span class='ocrx_word' id='word_1_251' title='bbox 593 3740 745 3823; x_wconf 90' lang='lat' dir='ltr'><strong>fuit,</strong></span> <span class='ocrx_word' id='word_1_252' title='bbox 822 3762 1020 3805; x_wconf 91' lang='lat' dir='ltr'><strong>mors</strong></span> <span class='ocrx_word' id='word_1_253' title='bbox 1099 3746 1172 3807; x_wconf 89' lang='lat' dir='ltr'><strong>et</strong></span> <span class='ocrx_word' id='word_1_254' title='bbox 1246 3743 1635 3808; x_wconf 89' lang='lat' dir='ltr'><strong>cruciatus</strong></span> <span class='ocrx_word' id='word_1_255' title='bbox 1711 3746 1874 3807; x_wconf 89' lang='lat' dir='ltr'><strong>erat</strong></span> <span class='ocrx_word' id='word_1_256' title='bbox 1948 3743 2474 3808; x_wconf 76' lang='lat' dir='ltr'><strong>constitutus?</strong></span> <span class='ocrx_word' id='word_1_257' title='bbox 2543 3741 2746 3824; x_wconf 82' lang='lat' dir='ltr'><strong>Vide,</strong></span> 
     </span>
     <span class='ocr_line' id='line_1_33' title="bbox 597 3848 2743 3943; baseline 0.001 -34"><span class='ocrx_word' id='word_1_258' title='bbox 597 3868 790 3930; x_wconf 92' lang='lat' dir='ltr'><strong>quam</strong></span> <span class='ocrx_word' id='word_1_259' title='bbox 839 3849 1236 3913; x_wconf 91' lang='lat' dir='ltr'><strong>commodam</strong></span> <span class='ocrx_word' id='word_1_260' title='bbox 1290 3849 1730 3915; x_wconf 88' lang='lat' dir='ltr'><strong>defensionem</strong></span> <span class='ocrx_word' id='word_1_261' title='bbox 1776 3851 2187 3936; x_wconf 83' lang='lat' dir='ltr'><strong>excogitarisl</strong></span> <span class='ocrx_word' id='word_1_262' title='bbox 2253 3849 2460 3943; x_wconf 28' lang='lat' dir='ltr'><strong>.Malo·</strong></span> <span class='ocrx_word' id='word_1_263' title='bbox 2500 3848 2743 3913; x_wconf 88' lang='lat' dir='ltr'><strong>meher-</strong></span> 
     </span>
     <span class='ocr_line' id='line_1_34' title="bbox 595 3953 2744 4041; baseline 0 -23"><span class='ocrx_word' id='word_1_264' title='bbox 595 3955 736 4018; x_wconf 89' lang='lat' dir='ltr'><strong>cule</strong></span> <span class='ocrx_word' id='word_1_265' title='bbox 795 3953 889 4037; x_wconf 96' lang='lat' dir='ltr'><strong>id,</strong></span> <span class='ocrx_word' id='word_1_266' title='bbox 949 3957 1121 4039; x_wconf 89' lang='lat' dir='ltr'><strong>quod</strong></span> <span class='ocrx_word' id='word_1_267' title='bbox 1179 3960 1253 4021; x_wconf 86' lang='lat' dir='ltr'><strong>tu</strong></span> <span class='ocrx_word' id='word_1_268' title='bbox 1310 3956 1627 4040; x_wconf 86' lang='lat' dir='ltr'><strong>defendis,</strong></span> <span class='ocrx_word' id='word_1_269' title='bbox 1686 3956 1786 4021; x_wconf 88' lang='lat' dir='ltr'><strong>his</strong></span> <span class='ocrx_word' id='word_1_270' title='bbox 1833 3957 2151 4022; x_wconf 89' lang='lat' dir='ltr'><strong>iudicibus</strong></span> <span class='ocrx_word' id='word_1_271' title='bbox 2200 3958 2571 4041; x_wconf 89' lang='lat' dir='ltr'><strong>populoque</strong></span> <span class='ocrx_word' id='word_1_272' title='bbox 2617 3953 2744 4019; x_wconf 88' lang='lat' dir='ltr'><strong>Ro·</strong></span> 
     </span>
     <span class='ocr_line' id='line_1_35' title="bbox 594 4062 2744 4149; baseline 0 -24"><span class='ocrx_word' id='word_1_273' title='bbox 594 4083 784 4125; x_wconf 92' lang='lat' dir='ltr'><strong>mano</strong></span> <span class='ocrx_word' id='word_1_274' title='bbox 839 4083 1031 4144; x_wconf 91' lang='lat' dir='ltr'><strong>quam</strong></span> <span class='ocrx_word' id='word_1_275' title='bbox 1081 4063 1174 4146; x_wconf 87' lang='lat' dir='ltr'><strong>id,</strong></span> <span class='ocrx_word' id='word_1_276' title='bbox 1235 4064 1406 4147; x_wconf 83' lang='lat' dir='ltr'><strong>quod</strong></span> <span class='ocrx_word' id='word_1_277' title='bbox 1469 4085 1589 4149; x_wconf 88' lang='lat' dir='ltr'><strong>ego</strong></span> <span class='ocrx_word' id='word_1_278' title='bbox 1651 4064 1986 4148; x_wconf 89' lang='lat' dir='ltr'><strong>insimulo,</strong></span> <span class='ocrx_word' id='word_1_279' title='bbox 2045 4064 2332 4148; x_wconf 89' lang='lat' dir='ltr'><strong>probari,</strong></span> <span class='ocrx_word' id='word_1_280' title='bbox 2395 4063 2598 4146; x_wconf 86' lang='lat' dir='ltr'><strong>malo,</strong></span> <span class='ocrx_word' id='word_1_281' title='bbox 2650 4062 2744 4125; x_wconf 91' lang='lat' dir='ltr'><strong>in-</strong></span> 
     </span>
     <span class='ocr_line' id='line_1_36' title="bbox 596 4170 2825 4255; baseline -0.002 -23"><span class='ocrx_word' id='word_1_282' title='bbox 596 4190 815 4252; x_wconf 90' lang='lat' dir='ltr'><strong>quam,</strong></span> <span class='ocrx_word' id='word_1_283' title='bbox 878 4172 944 4233; x_wconf 87' lang='lat' dir='ltr'><strong>te</strong></span> <span class='ocrx_word' id='word_1_284' title='bbox 1008 4170 1118 4233; x_wconf 90' lang='lat' dir='ltr'><strong>isti</strong></span> <span class='ocrx_word' id='word_1_285' title='bbox 1181 4172 1399 4255; x_wconf 88' lang='lat' dir='ltr'><strong>generi</strong></span> <span class='ocrx_word' id='word_1_286' title='bbox 1463 4171 1801 4235; x_wconf 90' lang='lat' dir='ltr'><strong>hominum</strong></span> <span class='ocrx_word' id='word_1_287' title='bbox 1876 4193 2069 4254; x_wconf 89' lang='lat' dir='ltr'><strong>quam</strong></span> <span class='ocrx_word' id='word_1_288' title='bbox 2142 4170 2618 4235; x_wconf 88' lang='lat' dir='ltr'><strong>mercatoribus·</strong></span> <span class='ocrx_word' id='word_1_289' title='bbox 2680 4170 2745 4233; x_wconf 89' lang='lat' dir='ltr'><strong>et</strong></span> <span class='ocrx_word' id='word_1_290' title='bbox 2772 4185 2825 4227; x_wconf 74' lang='lat'><strong>35</strong></span> 
     </span>
    </p>
   </div>
   <div class='ocr_carea' id='block_1_5' title="bbox 3135 1204 3140 2542">
    <p class='ocr_par' dir='ltr' id='par_1_8' title="bbox 3135 1204 3140 2542">
     <span class='ocr_line' id='line_1_37' title="bbox 3135 1204 3140 2542; baseline 0 0"><span class='ocrx_word' id='word_1_291' title='bbox 3135 1204 3140 2542; x_wconf 95' lang='lat' dir='ltr'><strong> </strong></span> 
     </span>
    </p>
   </div>
   <div class='ocr_carea' id='block_1_6' title="bbox 3135 3225 3140 4379">
    <p class='ocr_par' dir='ltr' id='par_1_9' title="bbox 3135 3225 3140 4379">
     <span class='ocr_line' id='line_1_38' title="bbox 3135 3225 3140 4379; baseline 0 0"><span class='ocrx_word' id='word_1_292' title='bbox 3135 3225 3140 4379; x_wconf 95' lang='lat' dir='ltr'><strong> </strong></span> 
     </span>
    </p>
   </div>
  </div>
 </body>
</html>
