<?xml version="1.0" encoding="UTF-8"?>
<!DOCTYPE html PUBLIC "-//W3C//DTD XHTML 1.0 Transitional//EN"
    "http://www.w3.org/TR/xhtml1/DTD/xhtml1-transitional.dtd">
<html xmlns="http://www.w3.org/1999/xhtml" xml:lang="en" lang="en">
 <head>
  <title>
</title>
<meta http-equiv="Content-Type" content="text/html;charset=utf-8" />
  <meta name='ocr-system' content='tesseract 3.04.00' />
  <meta name='ocr-capabilities' content='ocr_page ocr_carea ocr_par ocr_line ocrx_word'/>
</head>
<body>
  <div class='ocr_page' id='page_1' title='image "./cicerosverrinen00bardgoog_0091.png"; bbox 0 0 3175 4800; ppageno 0'>
   <div class='ocr_carea' id='block_1_1' title="bbox 306 1197 334 1259">
    <p class='ocr_par' dir='ltr' id='par_1_1' title="bbox 306 1197 334 1259">
     <span class='ocr_line' id='line_1_1' title="bbox 306 1197 334 1259; baseline 0 0"><span class='ocrx_word' id='word_1_1' title='bbox 306 1197 334 1259; x_wconf 76' lang='lat' dir='ltr'>l</span> 
     </span>
    </p>
   </div>
   <div class='ocr_carea' id='block_1_2' title="bbox 1389 393 2651 456">
    <p class='ocr_par' dir='ltr' id='par_1_2' title="bbox 1389 393 2651 456">
     <span class='ocr_line' id='line_1_2' title="bbox 1389 393 2651 456; baseline 0 -14"><span class='ocrx_word' id='word_1_2' title='bbox 1389 395 1480 456; x_wconf 75' lang='lat'>143</span> <span class='ocrx_word' id='word_1_3' title='bbox 1524 395 1770 442; x_wconf 77' lang='lat'><strong>16-21.</strong></span> <span class='ocrx_word' id='word_1_4' title='bbox 2572 393 2651 456; x_wconf 82' lang='lat'>77</span> 
     </span>
    </p>
   </div>
   <div class='ocr_carea' id='block_1_3' title="bbox 457 552 2655 1280">
    <p class='ocr_par' dir='ltr' id='par_1_3' title="bbox 457 552 2655 1280">
     <span class='ocr_line' id='line_1_3' title="bbox 507 552 2654 640; baseline 0 -24"><span class='ocrx_word' id='word_1_5' title='bbox 507 552 871 635; x_wconf 68' lang='lat' dir='ltr'>adficiebat,</span> <span class='ocrx_word' id='word_1_6' title='bbox 950 553 1076 616; x_wconf 89' lang='lat' dir='ltr'>hoc</span> <span class='ocrx_word' id='word_1_7' title='bbox 1158 574 1418 617; x_wconf 85' lang='lat' dir='ltr'>servos</span> <span class='ocrx_word' id='word_1_8' title='bbox 1503 552 1839 617; x_wconf 89' lang='lat' dir='ltr'>damnatos</span> <span class='ocrx_word' id='word_1_9' title='bbox 1921 553 2335 636; x_wconf 83' lang='lat' dir='ltr'>liberabat3</span> <span class='ocrx_word' id='word_1_10' title='bbox 2385 552 2654 640; x_wconf 29' lang='lat' dir='ltr'>,Apol-</span> 
     </span>
     <span class='ocr_line' id='line_1_4' title="bbox 506 659 2653 751; baseline -0.001 -26"><span class='ocrx_word' id='word_1_11' title='bbox 506 660 829 743; x_wconf 90' lang='lat' dir='ltr'>lonium,</span> <span class='ocrx_word' id='word_1_12' title='bbox 908 659 1236 724; x_wconf 89' lang='lat' dir='ltr'>hominem</span> <span class='ocrx_word' id='word_1_13' title='bbox 1320 659 1932 743; x_wconf 91' lang='lat' dir='ltr'>locupletissimum,</span> <span class='ocrx_word' id='word_1_14' title='bbox 2024 660 2164 743; x_wconf 91' lang='lat' dir='ltr'>qui,</span> <span class='ocrx_word' id='word_1_15' title='bbox 2247 661 2302 751; x_wconf 88' lang='lat' dir='ltr'>si</span> <span class='ocrx_word' id='word_1_16' title='bbox 2391 660 2653 745; x_wconf 74' lang='lat' dir='ltr'><strong>fugitivi</strong></span> 
     </span>
     <span class='ocr_line' id='line_1_5' title="bbox 506 765 2654 850; baseline 0 -19"><span class='ocrx_word' id='word_1_17' title='bbox 506 768 748 832; x_wconf 91' lang='lat' dir='ltr'>bellum</span> <span class='ocrx_word' id='word_1_18' title='bbox 795 766 865 830; x_wconf 93' lang='lat' dir='ltr'>in</span> <span class='ocrx_word' id='word_1_19' title='bbox 904 765 1123 830; x_wconf 82' lang='lat' dir='ltr'>Sicilia</span> <span class='ocrx_word' id='word_1_20' title='bbox 1158 766 1469 849; x_wconf 88' lang='lat' dir='ltr'>facerent,</span> <span class='ocrx_word' id='word_1_21' title='bbox 1516 767 1945 850; x_wconf 90' lang='lat' dir='ltr'>amplissimas</span> <span class='ocrx_word' id='word_1_22' title='bbox 1982 768 2274 831; x_wconf 76' lang='lat' dir='ltr'><strong>fortunas</strong></span> <span class='ocrx_word' id='word_1_23' title='bbox 2314 767 2654 850; x_wconf 89' lang='lat' dir='ltr'>amitteret,</span> 
     </span>
     <span class='ocr_line' id='line_1_6' title="bbox 508 873 2655 959; baseline 0 -21"><span class='ocrx_word' id='word_1_24' title='bbox 508 875 663 939; x_wconf 81' lang='lat' dir='ltr'>belh&#39;</span> <span class='ocrx_word' id='word_1_25' title='bbox 723 874 1148 959; x_wconf 85' lang='lat' dir='ltr'>fugitivorum</span> <span class='ocrx_word' id='word_1_26' title='bbox 1210 873 1473 938; x_wconf 94' lang='lat' dir='ltr'>nomine</span> <span class='ocrx_word' id='word_1_27' title='bbox 1527 874 1771 938; x_wconf 91' lang='lat' dir='ltr'>indicta</span> <span class='ocrx_word' id='word_1_28' title='bbox 1818 896 2009 938; x_wconf 91' lang='lat' dir='ltr'>causa</span> <span class='ocrx_word' id='word_1_29' title='bbox 2052 874 2131 938; x_wconf 94' lang='lat' dir='ltr'>in</span> <span class='ocrx_word' id='word_1_30' title='bbox 2176 874 2434 938; x_wconf 78' lang='lat' dir='ltr'>vincla</span> <span class='ocrx_word' id='word_1_31' title='bbox 2481 895 2655 938; x_wconf 91' lang='lat' dir='ltr'>con-</span> 
     </span>
     <span class='ocr_line' id='line_1_7' title="bbox 457 981 2653 1065; baseline 0.001 -24"><span class='ocrx_word' id='word_1_32' title='bbox 457 1002 479 1041; x_wconf 78' lang='grc'>5</span> <span class='ocrx_word' id='word_1_33' title='bbox 508 982 720 1064; x_wconf 84' lang='lat' dir='ltr'>iecit3</span> <span class='ocrx_word' id='word_1_34' title='bbox 765 1002 1076 1064; x_wconf 64' lang='lat' dir='ltr'>servos,</span> <span class='ocrx_word' id='word_1_35' title='bbox 1134 1002 1294 1063; x_wconf 93' lang='lat' dir='ltr'>quos</span> <span class='ocrx_word' id='word_1_36' title='bbox 1352 981 1490 1065; x_wconf 92' lang='lat' dir='ltr'>ipse</span> <span class='ocrx_word' id='word_1_37' title='bbox 1547 981 1626 1045; x_wconf 95' lang='lat' dir='ltr'>de</span> <span class='ocrx_word' id='word_1_38' title='bbox 1683 981 1934 1046; x_wconf 90' lang='lat' dir='ltr'>consilii</span> <span class='ocrx_word' id='word_1_39' title='bbox 1990 981 2308 1045; x_wconf 89' lang='lat' dir='ltr'>sententia</span> <span class='ocrx_word' id='word_1_40' title='bbox 2362 981 2518 1045; x_wconf 87' lang='lat' dir='ltr'>belli</span> <span class='ocrx_word' id='word_1_41' title='bbox 2563 981 2653 1044; x_wconf 90' lang='lat' dir='ltr'>fa-</span> 
     </span>
     <span class='ocr_line' id='line_1_8' title="bbox 510 1087 2654 1172; baseline -0 -20"><span class='ocrx_word' id='word_1_42' title='bbox 510 1089 716 1152; x_wconf 90' lang='lat' dir='ltr'>ciendi</span> <span class='ocrx_word' id='word_1_43' title='bbox 756 1109 947 1152; x_wconf 90' lang='lat' dir='ltr'>causa</span> <span class='ocrx_word' id='word_1_44' title='bbox 985 1087 1380 1152; x_wconf 78' lang='lat' dir='ltr'>consensisse</span> <span class='ocrx_word' id='word_1_45' title='bbox 1418 1088 1754 1172; x_wconf 81' lang='lat' dir='ltr'>iudicavit,</span> <span class='ocrx_word' id='word_1_46' title='bbox 1792 1109 1899 1153; x_wconf 92' lang='lat' dir='ltr'>eos</span> <span class='ocrx_word' id='word_1_47' title='bbox 1939 1088 2075 1152; x_wconf 90' lang='lat' dir='ltr'>sine</span> <span class='ocrx_word' id='word_1_48' title='bbox 2115 1088 2368 1153; x_wconf 90' lang='lat' dir='ltr'>consilii</span> <span class='ocrx_word' id='word_1_49' title='bbox 2404 1092 2654 1153; x_wconf 88' lang='lat' dir='ltr'>senten-</span> 
     </span>
     <span class='ocr_line' id='line_1_9' title="bbox 508 1192 2653 1280; baseline -0.001 -21"><span class='ocrx_word' id='word_1_50' title='bbox 508 1196 600 1259; x_wconf 90' lang='lat' dir='ltr'>tia</span> <span class='ocrx_word' id='word_1_51' title='bbox 645 1216 761 1259; x_wconf 90' lang='lat' dir='ltr'>sua</span> <span class='ocrx_word' id='word_1_52' title='bbox 806 1198 1035 1279; x_wconf 91' lang='lat' dir='ltr'>sponte</span> <span class='ocrx_word' id='word_1_53' title='bbox 1092 1195 1295 1259; x_wconf 93' lang='lat' dir='ltr'>omni</span> <span class='ocrx_word' id='word_1_54' title='bbox 1352 1195 1741 1280; x_wconf 89' lang='lat' dir='ltr'>supplicio</span> <span class='ocrx_word' id='word_1_55' title='bbox 1797 1196 2186 1261; x_wconf 87' lang='lat' dir='ltr'>liberavit.</span> <span class='ocrx_word' id='word_1_56' title='bbox 2280 1194 2492 1271; x_wconf 78' lang='lat' dir='ltr'>Quid?</span> <span class='ocrx_word' id='word_1_57' title='bbox 2539 1274 2544 1280; x_wconf 6' lang='lat' dir='ltr'>p</span> <span class='ocrx_word' id='word_1_58' title='bbox 2584 1192 2653 1258; x_wconf 86' lang='lat' dir='ltr'>Si</span> 
     </span>
    </p>
   </div>
   <div class='ocr_carea' id='block_1_4' title="bbox 2695 1212 2759 1259">
    <p class='ocr_par' dir='ltr' id='par_1_4' title="bbox 2695 1212 2759 1259">
     <span class='ocr_line' id='line_1_10' title="bbox 2695 1212 2759 1259; baseline 0 0"><span class='ocrx_word' id='word_1_59' title='bbox 2695 1212 2759 1259; x_wconf 84' lang='lat'>19</span> 
     </span>
    </p>
   </div>
   <div class='ocr_carea' id='block_1_5' title="bbox 510 1295 2729 1386">
    <p class='ocr_par' dir='ltr' id='par_1_5' title="bbox 510 1295 2729 1386">
     <span class='ocr_line' id='line_1_11' title="bbox 510 1295 2729 1386; baseline -0 -20"><span class='ocrx_word' id='word_1_60' title='bbox 510 1302 751 1385; x_wconf 89' lang='lat' dir='ltr'>aliquid</span> <span class='ocrx_word' id='word_1_61' title='bbox 816 1302 896 1365; x_wconf 91' lang='lat' dir='ltr'>ab</span> <span class='ocrx_word' id='word_1_62' title='bbox 958 1301 1308 1386; x_wconf 88' lang='lat' dir='ltr'>Apollonio</span> <span class='ocrx_word' id='word_1_63' title='bbox 1371 1295 1787 1367; x_wconf 89' lang='lat' dir='ltr'>commissum</span> <span class='ocrx_word' id='word_1_64' title='bbox 1843 1307 1967 1385; x_wconf 90' lang='lat' dir='ltr'>est,</span> <span class='ocrx_word' id='word_1_65' title='bbox 2024 1324 2214 1385; x_wconf 92' lang='lat' dir='ltr'>quam</span> <span class='ocrx_word' id='word_1_66' title='bbox 2274 1303 2356 1367; x_wconf 92' lang='lat' dir='ltr'>ob</span> <span class='ocrx_word' id='word_1_67' title='bbox 2402 1324 2537 1366; x_wconf 91' lang='lat' dir='ltr'>rem</span> <span class='ocrx_word' id='word_1_68' title='bbox 2586 1301 2656 1366; x_wconf 90' lang='lat' dir='ltr'>in</span> <span class='ocrx_word' id='word_1_69' title='bbox 2724 1321 2729 1325; x_wconf 85' lang='lat'>·</span> 
     </span>
    </p>
   </div>
   <div class='ocr_carea' id='block_1_6' title="bbox 430 1401 2656 2138">
    <p class='ocr_par' dir='ltr' id='par_1_6' title="bbox 430 1401 2656 2138">
     <span class='ocr_line' id='line_1_12' title="bbox 509 1401 2656 1493; baseline 0 -20"><span class='ocrx_word' id='word_1_70' title='bbox 509 1432 654 1473; x_wconf 91' lang='lat' dir='ltr'>eum</span> <span class='ocrx_word' id='word_1_71' title='bbox 691 1410 831 1473; x_wconf 90' lang='lat' dir='ltr'>iure</span> <span class='ocrx_word' id='word_1_72' title='bbox 870 1410 1509 1493; x_wconf 75' lang='lat' dir='ltr'>animadverteretur,</span> <span class='ocrx_word' id='word_1_73' title='bbox 1554 1415 1855 1474; x_wconf 76' lang='lat' dir='ltr'>tamenne</span> <span class='ocrx_word' id='word_1_74' title='bbox 1891 1411 2059 1474; x_wconf 89' lang='lat' dir='ltr'>hanc</span> <span class='ocrx_word' id='word_1_75' title='bbox 2085 1432 2221 1474; x_wconf 93' lang='lat' dir='ltr'>rem</span> <span class='ocrx_word' id='word_1_76' title='bbox 2251 1401 2343 1473; x_wconf 83' lang='lat' dir='ltr'>sic</span> <span class='ocrx_word' id='word_1_77' title='bbox 2372 1430 2656 1493; x_wconf 85' lang='lat' dir='ltr'>agemus,</span> 
     </span>
     <span class='ocr_line' id='line_1_13' title="bbox 432 1516 2653 1600; baseline 0.002 -25"><span class='ocrx_word' id='word_1_78' title='bbox 432 1537 482 1575; x_wconf 70' lang='grc' dir='ltr'>ιο</span> <span class='ocrx_word' id='word_1_79' title='bbox 511 1520 583 1580; x_wconf 89' lang='lat' dir='ltr'>ut</span> <span class='ocrx_word' id='word_1_80' title='bbox 631 1517 883 1581; x_wconf 82' lang='lat' dir='ltr'>crimini</span> <span class='ocrx_word' id='word_1_81' title='bbox 930 1521 1041 1580; x_wconf 90' lang='lat' dir='ltr'>aut</span> <span class='ocrx_word' id='word_1_82' title='bbox 1085 1517 1362 1580; x_wconf 83' lang='lat' dir='ltr'>invidiae</span> <span class='ocrx_word' id='word_1_83' title='bbox 1399 1539 1509 1580; x_wconf 92' lang='lat' dir='ltr'>reo</span> <span class='ocrx_word' id='word_1_84' title='bbox 1548 1522 1849 1599; x_wconf 88' lang='lat' dir='ltr'>putemus</span> <span class='ocrx_word' id='word_1_85' title='bbox 1889 1539 2025 1581; x_wconf 91' lang='lat' dir='ltr'>esse</span> <span class='ocrx_word' id='word_1_86' title='bbox 2064 1520 2387 1600; x_wconf 83' lang='lat' dir='ltr'>oportere,</span> <span class='ocrx_word' id='word_1_87' title='bbox 2433 1516 2487 1580; x_wconf 94' lang='lat' dir='ltr'>si</span> <span class='ocrx_word' id='word_1_88' title='bbox 2527 1538 2653 1599; x_wconf 91' lang='lat' dir='ltr'>quo</span> 
     </span>
     <span class='ocr_line' id='line_1_14' title="bbox 510 1623 2655 1708; baseline 0 -21"><span class='ocrx_word' id='word_1_89' title='bbox 510 1623 587 1688; x_wconf 94' lang='lat' dir='ltr'>de</span> <span class='ocrx_word' id='word_1_90' title='bbox 614 1624 879 1688; x_wconf 89' lang='lat' dir='ltr'>homine</span> <span class='ocrx_word' id='word_1_91' title='bbox 915 1624 1194 1688; x_wconf 85' lang='lat' dir='ltr'>severius</span> <span class='ocrx_word' id='word_1_92' title='bbox 1232 1623 1653 1687; x_wconf 79' lang='lat' dir='ltr'>iudicaverit?</span> <span class='ocrx_word' id='word_1_93' title='bbox 1710 1623 1881 1688; x_wconf 89' lang='lat' dir='ltr'>Non</span> <span class='ocrx_word' id='word_1_94' title='bbox 1918 1645 2131 1708; x_wconf 85' lang='lat' dir='ltr'>agam</span> <span class='ocrx_word' id='word_1_95' title='bbox 2168 1627 2318 1686; x_wconf 90' lang='lat' dir='ltr'>tam</span> <span class='ocrx_word' id='word_1_96' title='bbox 2359 1623 2655 1705; x_wconf 78' lang='lat' dir='ltr'>acerbe,</span> 
     </span>
     <span class='ocr_line' id='line_1_15' title="bbox 510 1729 2654 1813; baseline 0 -19"><span class='ocrx_word' id='word_1_97' title='bbox 510 1752 641 1794; x_wconf 92' lang='lat' dir='ltr'>non</span> <span class='ocrx_word' id='word_1_98' title='bbox 676 1734 824 1794; x_wconf 90' lang='lat' dir='ltr'>utar</span> <span class='ocrx_word' id='word_1_99' title='bbox 860 1731 985 1793; x_wconf 89' lang='lat' dir='ltr'>ista</span> <span class='ocrx_word' id='word_1_100' title='bbox 1022 1731 1418 1795; x_wconf 89' lang='lat' dir='ltr'>accusatoria</span> <span class='ocrx_word' id='word_1_101' title='bbox 1456 1729 1945 1813; x_wconf 90' lang='lat' dir='ltr'>consuetudine,</span> <span class='ocrx_word' id='word_1_102' title='bbox 1991 1730 2054 1794; x_wconf 93' lang='lat' dir='ltr'>si</span> <span class='ocrx_word' id='word_1_103' title='bbox 2106 1730 2286 1812; x_wconf 83' lang='lat' dir='ltr'>quid</span> <span class='ocrx_word' id='word_1_104' title='bbox 2339 1734 2452 1794; x_wconf 90' lang='lat' dir='ltr'>est</span> <span class='ocrx_word' id='word_1_105' title='bbox 2501 1730 2654 1795; x_wconf 95' lang='lat' dir='ltr'>fac-</span> 
     </span>
     <span class='ocr_line' id='line_1_16' title="bbox 510 1836 2655 1920; baseline 0 -19"><span class='ocrx_word' id='word_1_106' title='bbox 510 1841 665 1901; x_wconf 91' lang='lat' dir='ltr'>tum</span> <span class='ocrx_word' id='word_1_107' title='bbox 707 1839 1150 1920; x_wconf 91' lang='lat' dir='ltr'>clementer,</span> <span class='ocrx_word' id='word_1_108' title='bbox 1186 1842 1261 1902; x_wconf 90' lang='lat' dir='ltr'>ut</span> <span class='ocrx_word' id='word_1_109' title='bbox 1298 1838 1680 1903; x_wconf 86' lang='lat' dir='ltr'>dissolute</span> <span class='ocrx_word' id='word_1_110' title='bbox 1717 1838 1960 1903; x_wconf 89' lang='lat' dir='ltr'>factum</span> <span class='ocrx_word' id='word_1_111' title='bbox 2000 1837 2325 1920; x_wconf 82' lang='lat' dir='ltr'>criminer,</span> <span class='ocrx_word' id='word_1_112' title='bbox 2371 1838 2435 1901; x_wconf 93' lang='lat' dir='ltr'>si</span> <span class='ocrx_word' id='word_1_113' title='bbox 2474 1836 2655 1919; x_wconf 89' lang='lat' dir='ltr'>quid</span> 
     </span>
     <span class='ocr_line' id='line_1_17' title="bbox 509 1933 2653 2028; baseline 0.001 -21"><span class='ocrx_word' id='word_1_114' title='bbox 509 1944 983 2010; x_wconf 87' lang='lat' dir='ltr'>vindicatum</span> <span class='ocrx_word' id='word_1_115' title='bbox 1021 1950 1136 2009; x_wconf 92' lang='lat' dir='ltr'>est</span> <span class='ocrx_word' id='word_1_116' title='bbox 1174 1966 1465 2028; x_wconf 85' lang='lat' dir='ltr'>severe,</span> <span class='ocrx_word' id='word_1_117' title='bbox 1503 1949 1575 2009; x_wconf 91' lang='lat' dir='ltr'>ut</span> <span class='ocrx_word' id='word_1_118' title='bbox 1605 1933 1787 2010; x_wconf 86' lang='lat' dir='ltr'>exeo</span> <span class='ocrx_word' id='word_1_119' title='bbox 1819 1945 2309 2011; x_wconf 86' lang='lat' dir='ltr'>crudelitatis</span> <span class='ocrx_word' id='word_1_120' title='bbox 2347 1944 2653 2010; x_wconf 85' lang='lat' dir='ltr'>invidiam</span> 
     </span>
     <span class='ocr_line' id='line_1_18' title="bbox 430 2051 2653 2138; baseline 0.001 -25"><span class='ocrx_word' id='word_1_121' title='bbox 430 2074 480 2112; x_wconf 85' lang='lat'>15</span> <span class='ocrx_word' id='word_1_122' title='bbox 511 2052 828 2138; x_wconf 84' lang='lat' dir='ltr'>colligam.</span> <span class='ocrx_word' id='word_1_123' title='bbox 901 2051 1055 2117; x_wconf 88' lang='lat' dir='ltr'>Non</span> <span class='ocrx_word' id='word_1_124' title='bbox 1083 2074 1269 2137; x_wconf 85' lang='lat' dir='ltr'>agam</span> <span class='ocrx_word' id='word_1_125' title='bbox 1297 2053 1424 2117; x_wconf 90' lang='lat' dir='ltr'>ista</span> <span class='ocrx_word' id='word_1_126' title='bbox 1458 2054 1736 2135; x_wconf 91' lang='lat' dir='ltr'>ratione,</span> <span class='ocrx_word' id='word_1_127' title='bbox 1774 2057 1886 2115; x_wconf 89' lang='lat' dir='ltr'>tua</span> <span class='ocrx_word' id='word_1_128' title='bbox 1923 2073 2153 2134; x_wconf 91' lang='lat' dir='ltr'>sequar</span> <span class='ocrx_word' id='word_1_129' title='bbox 2178 2052 2442 2135; x_wconf 90' lang='lat' dir='ltr'>iudicia,</span> <span class='ocrx_word' id='word_1_130' title='bbox 2474 2056 2653 2116; x_wconf 90' lang='lat' dir='ltr'>tuam</span> 
     </span>
    </p>
   </div>
   <div class='ocr_carea' id='block_1_7' title="bbox 511 2147 2701 2247">
    <p class='ocr_par' dir='ltr' id='par_1_7' title="bbox 511 2147 2701 2247">
     <span class='ocr_line' id='line_1_19' title="bbox 511 2147 2701 2247; baseline -0 -24"><span class='ocrx_word' id='word_1_131' title='bbox 511 2158 846 2223; x_wconf 88' lang='lat' dir='ltr'>defendam</span> <span class='ocrx_word' id='word_1_132' title='bbox 876 2160 1351 2242; x_wconf 85' lang='lat' dir='ltr'>auctoritatem,</span> <span class='ocrx_word' id='word_1_133' title='bbox 1390 2147 1602 2242; x_wconf 63' lang='lat' dir='ltr'>quoad</span> <span class='ocrx_word' id='word_1_134' title='bbox 1638 2163 1713 2222; x_wconf 93' lang='lat' dir='ltr'>tu</span> <span class='ocrx_word' id='word_1_135' title='bbox 1749 2159 1953 2247; x_wconf 84' lang='lat' dir='ltr'>voles3</span> <span class='ocrx_word' id='word_1_136' title='bbox 1999 2158 2192 2221; x_wconf 91' lang='lat' dir='ltr'>simul</span> <span class='ocrx_word' id='word_1_137' title='bbox 2230 2179 2304 2222; x_wconf 91' lang='lat' dir='ltr'>ac</span> <span class='ocrx_word' id='word_1_138' title='bbox 2340 2162 2479 2222; x_wconf 92' lang='lat' dir='ltr'>tute</span> <span class='ocrx_word' id='word_1_139' title='bbox 2518 2179 2656 2223; x_wconf 91' lang='lat' dir='ltr'>coe·</span> <span class='ocrx_word' id='word_1_140' title='bbox 2696 2223 2701 2228; x_wconf 73' lang='grc'>,</span> 
     </span>
    </p>
   </div>
   <div class='ocr_carea' id='block_1_8' title="bbox 430 2264 2658 3098">
    <p class='ocr_par' dir='ltr' id='par_1_8' title="bbox 430 2264 2658 3098">
     <span class='ocr_line' id='line_1_20' title="bbox 510 2264 2654 2349; baseline 0.001 -21"><span class='ocrx_word' id='word_1_141' title='bbox 510 2266 679 2349; x_wconf 87' lang='lat' dir='ltr'>peris</span> <span class='ocrx_word' id='word_1_142' title='bbox 717 2268 830 2329; x_wconf 89' lang='lat' dir='ltr'>tua</span> <span class='ocrx_word' id='word_1_143' title='bbox 865 2265 1102 2329; x_wconf 90' lang='lat' dir='ltr'>iudicia</span> <span class='ocrx_word' id='word_1_144' title='bbox 1137 2265 1523 2347; x_wconf 91' lang='lat' dir='ltr'>rescindere,</span> <span class='ocrx_word' id='word_1_145' title='bbox 1560 2264 1720 2327; x_wconf 89' lang='lat' dir='ltr'>mihi</span> <span class='ocrx_word' id='word_1_146' title='bbox 1759 2286 2125 2329; x_wconf 90' lang='lat' dir='ltr'>suscensere</span> <span class='ocrx_word' id='word_1_147' title='bbox 2163 2264 2465 2348; x_wconf 85' lang='lat' dir='ltr'>desinito·;</span> <span class='ocrx_word' id='word_1_148' title='bbox 2510 2288 2654 2331; x_wconf 94' lang='lat' dir='ltr'>meo</span> 
     </span>
     <span class='ocr_line' id='line_1_21' title="bbox 476 2364 2656 2457; baseline 0 -20"><span class='ocrx_word' id='word_1_149' title='bbox 476 2364 646 2438; x_wconf 53' lang='lat' dir='ltr'>‘iure</span> <span class='ocrx_word' id='word_1_150' title='bbox 690 2372 858 2438; x_wconf 92' lang='lat' dir='ltr'>enim</span> <span class='ocrx_word' id='word_1_151' title='bbox 910 2374 1289 2438; x_wconf 88' lang='lat' dir='ltr'>contendam</span> <span class='ocrx_word' id='word_1_152' title='bbox 1339 2395 1513 2457; x_wconf 89' lang='lat' dir='ltr'>eum,</span> <span class='ocrx_word' id='word_1_153' title='bbox 1561 2372 1685 2456; x_wconf 77' lang='lat' dir='ltr'>&#39;qui‘</span> <span class='ocrx_word' id='word_1_154' title='bbox 1720 2393 1836 2437; x_wconf 91' lang='lat' dir='ltr'>suo</span> <span class='ocrx_word' id='word_1_155' title='bbox 1882 2371 2120 2438; x_wconf 90' lang='lat' dir='ltr'>iudicio</span> <span class='ocrx_word' id='word_1_156' title='bbox 2168 2373 2506 2438; x_wconf 90' lang='lat' dir='ltr'>damnatus</span> <span class='ocrx_word' id='word_1_157' title='bbox 2554 2373 2656 2457; x_wconf 89' lang='lat' dir='ltr'>sit,</span> 
     </span>
     <span class='ocr_line' id='line_1_22' title="bbox 509 2462 2653 2565; baseline 0 -21"><span class='ocrx_word' id='word_1_158' title='bbox 509 2482 863 2546; x_wconf 89' lang='lat' dir='ltr'>iuratorum</span> <span class='ocrx_word' id='word_1_159' title='bbox 946 2481 1230 2546; x_wconf 88' lang='lat' dir='ltr'>iudicum</span> <span class='ocrx_word' id='word_1_160' title='bbox 1282 2462 1640 2545; x_wconf 28' lang='lat' dir='ltr'>&#39;sententiis</span> <span class='ocrx_word' id='word_1_161' title='bbox 1717 2481 2006 2544; x_wconf 88' lang='lat' dir='ltr'>damnari</span> <span class='ocrx_word' id='word_1_162' title='bbox 2080 2484 2392 2565; x_wconf 88' lang='lat' dir='ltr'>oportere.</span> <span class='ocrx_word' id='word_1_163' title='bbox 2498 2480 2653 2545; x_wconf 89' lang='lat' dir='ltr'>Non</span> 
     </span>
     <span class='ocr_line' id='line_1_23' title="bbox 430 2587 2653 2673; baseline 0 -21"><span class='ocrx_word' id='word_1_164' title='bbox 430 2614 482 2652; x_wconf 81' lang='lat'>20</span> <span class='ocrx_word' id='word_1_165' title='bbox 511 2587 846 2653; x_wconf 85' lang='lat' dir='ltr'>defendam</span> <span class='ocrx_word' id='word_1_166' title='bbox 894 2587 1205 2673; x_wconf 83' lang='lat' dir='ltr'>Apolloni</span> <span class='ocrx_word' id='word_1_167' title='bbox 1253 2610 1540 2672; x_wconf 89' lang='lat' dir='ltr'>causam,</span> <span class='ocrx_word' id='word_1_168' title='bbox 1584 2588 1776 2653; x_wconf 91' lang='lat' dir='ltr'>amici</span> <span class='ocrx_word' id='word_1_169' title='bbox 1821 2592 2014 2671; x_wconf 88' lang='lat' dir='ltr'>atque</span> <span class='ocrx_word' id='word_1_170' title='bbox 2049 2587 2326 2673; x_wconf 89' lang='lat' dir='ltr'>hospitis</span> <span class='ocrx_word' id='word_1_171' title='bbox 2373 2587 2527 2672; x_wconf 90' lang='lat' dir='ltr'>mei,</span> <span class='ocrx_word' id='word_1_172' title='bbox 2572 2610 2653 2652; x_wconf 93' lang='lat' dir='ltr'>ne</span> 
     </span>
     <span class='ocr_line' id='line_1_24' title="bbox 509 2695 2656 2781; baseline -0 -21"><span class='ocrx_word' id='word_1_173' title='bbox 509 2699 694 2760; x_wconf 87' lang='lat' dir='ltr'>tuum</span> <span class='ocrx_word' id='word_1_174' title='bbox 740 2696 1049 2761; x_wconf 90' lang='lat' dir='ltr'>iudicium</span> <span class='ocrx_word' id='word_1_175' title='bbox 1096 2698 1339 2767; x_wconf 66' lang='lat' dir='ltr'>videar,</span> <span class='ocrx_word' id='word_1_176' title='bbox 1359 2696 1744 2780; x_wconf 83' lang='lat' dir='ltr'>rescindere3</span> <span class='ocrx_word' id='word_1_177' title='bbox 1789 2695 1955 2760; x_wconf 83' lang='lat' dir='ltr'>nihil</span> <span class='ocrx_word' id='word_1_178' title='bbox 2001 2695 2077 2760; x_wconf 91' lang='lat' dir='ltr'>de</span> <span class='ocrx_word' id='word_1_179' title='bbox 2122 2695 2404 2759; x_wconf 89' lang='lat' dir='ltr'>hominis</span> <span class='ocrx_word' id='word_1_180' title='bbox 2440 2696 2656 2781; x_wconf 85' lang='lat' dir='ltr'>fruga-</span> 
     </span>
     <span class='ocr_line' id='line_1_25' title="bbox 508 2803 2658 2888; baseline 0 -22"><span class='ocrx_word' id='word_1_181' title='bbox 508 2803 718 2885; x_wconf 88' lang='lat' dir='ltr'>litate,</span> <span class='ocrx_word' id='word_1_182' title='bbox 754 2803 994 2867; x_wconf 83' lang='lat' dir='ltr'>virtute</span> <span class='ocrx_word' id='word_1_183' title='bbox 1003 2852 1021 2886; x_wconf 99' lang='lat'>,</span> <span class='ocrx_word' id='word_1_184' title='bbox 1059 2804 1393 2888; x_wconf 86' lang='lat' dir='ltr'>diligentia</span> <span class='ocrx_word' id='word_1_185' title='bbox 1430 2803 1672 2886; x_wconf 86' lang='lat' dir='ltr'>dicam3</span> <span class='ocrx_word' id='word_1_186' title='bbox 1708 2803 2216 2886; x_wconf 87' lang='lat' dir='ltr'>praetermittam</span> <span class='ocrx_word' id='word_1_187' title='bbox 2253 2803 2414 2867; x_wconf 90' lang='lat' dir='ltr'>illud</span> <span class='ocrx_word' id='word_1_188' title='bbox 2444 2804 2658 2885; x_wconf 90' lang='lat' dir='ltr'>etiam,</span> 
     </span>
     <span class='ocr_line' id='line_1_26' title="bbox 513 2908 2655 2991; baseline 0 -19"><span class='ocrx_word' id='word_1_189' title='bbox 513 2909 589 2972; x_wconf 95' lang='lat' dir='ltr'>de</span> <span class='ocrx_word' id='word_1_190' title='bbox 657 2929 784 2990; x_wconf 93' lang='grc'><strong>(1110</strong></span> <span class='ocrx_word' id='word_1_191' title='bbox 845 2911 993 2972; x_wconf 91' lang='lat' dir='ltr'>ante</span> <span class='ocrx_word' id='word_1_192' title='bbox 1058 2909 1219 2991; x_wconf 81' lang='lat' dir='ltr'>dixi,</span> <span class='ocrx_word' id='word_1_193' title='bbox 1291 2909 1583 2972; x_wconf 86' lang='lat' dir='ltr'>fortunas</span> <span class='ocrx_word' id='word_1_194' title='bbox 1652 2909 1786 2972; x_wconf 91' lang='lat' dir='ltr'>eius</span> <span class='ocrx_word' id='word_1_195' title='bbox 1850 2909 1942 2971; x_wconf 90' lang='lat' dir='ltr'>ita</span> <span class='ocrx_word' id='word_1_196' title='bbox 2007 2909 2392 2972; x_wconf 86' lang='lat' dir='ltr'>constitutas</span> <span class='ocrx_word' id='word_1_197' title='bbox 2455 2908 2655 2973; x_wconf 91' lang='lat' dir='ltr'>fuisse</span> 
     </span>
     <span class='ocr_line' id='line_1_27' title="bbox 510 3014 2657 3098; baseline -0.001 -19"><span class='ocrx_word' id='word_1_198' title='bbox 510 3014 783 3097; x_wconf 88' lang='lat' dir='ltr'>familia,</span> <span class='ocrx_word' id='word_1_199' title='bbox 864 3036 1123 3098; x_wconf 89' lang='lat' dir='ltr'>pecore,</span> <span class='ocrx_word' id='word_1_200' title='bbox 1203 3014 1403 3097; x_wconf 84' lang='lat' dir='ltr'>villis,</span> <span class='ocrx_word' id='word_1_201' title='bbox 1484 3014 1773 3098; x_wconf 89' lang='lat' dir='ltr'>pecuniis</span> <span class='ocrx_word' id='word_1_202' title='bbox 1858 3014 2142 3097; x_wconf 90' lang='lat' dir='ltr'>creditis,</span> <span class='ocrx_word' id='word_1_203' title='bbox 2222 3019 2297 3078; x_wconf 90' lang='lat' dir='ltr'>ut</span> <span class='ocrx_word' id='word_1_204' title='bbox 2367 3015 2657 3078; x_wconf 92' lang='lat' dir='ltr'>nemini</span> 
     </span>
    </p>
   </div>
   <div class='ocr_carea' id='block_1_9' title="bbox 430 3118 2657 3205">
    <p class='ocr_par' dir='ltr' id='par_1_9' title="bbox 430 3118 2657 3205">
     <span class='ocr_line' id='line_1_28' title="bbox 430 3118 2657 3205; baseline 0.001 -22"><span class='ocrx_word' id='word_1_205' title='bbox 430 3145 482 3184; x_wconf 78' lang='lat'>25</span> <span class='ocrx_word' id='word_1_206' title='bbox 514 3123 760 3186; x_wconf 93' lang='lat' dir='ltr'>minus</span> <span class='ocrx_word' id='word_1_207' title='bbox 827 3120 1225 3205; x_wconf 82' lang='lat' dir='ltr'>expediret</span> <span class='ocrx_word' id='word_1_208' title='bbox 1289 3122 1529 3184; x_wconf 91' lang='lat' dir='ltr'>ullum</span> <span class='ocrx_word' id='word_1_209' title='bbox 1597 3120 1674 3184; x_wconf 91' lang='lat' dir='ltr'>in</span> <span class='ocrx_word' id='word_1_210' title='bbox 1740 3118 2010 3186; x_wconf 86' lang='lat' dir='ltr'>Sicilia</span> <span class='ocrx_word' id='word_1_211' title='bbox 2073 3122 2488 3196; x_wconf 88' lang='lat' dir='ltr'>tumultum</span> <span class='ocrx_word' id='word_1_212' title='bbox 2545 3127 2657 3186; x_wconf 90' lang='lat' dir='ltr'>aut</span> 
     </span>
    </p>
   </div>
   <div class='ocr_carea' id='block_1_10' title="bbox 511 3227 2657 3633">
    <p class='ocr_par' dir='ltr' id='par_1_10' title="bbox 511 3227 2657 3633">
     <span class='ocr_line' id='line_1_29' title="bbox 514 3227 2657 3311; baseline 0 -19"><span class='ocrx_word' id='word_1_213' title='bbox 514 3229 758 3293; x_wconf 91' lang='lat' dir='ltr'>bellum</span> <span class='ocrx_word' id='word_1_214' title='bbox 833 3228 1320 3311; x_wconf 82' lang='lat' dir='ltr'>commoveri3</span> <span class='ocrx_word' id='word_1_215' title='bbox 1392 3249 1525 3291; x_wconf 92' lang='lat' dir='ltr'>non</span> <span class='ocrx_word' id='word_1_216' title='bbox 1600 3227 1806 3292; x_wconf 89' lang='lat' dir='ltr'>dicam</span> <span class='ocrx_word' id='word_1_217' title='bbox 1879 3250 1961 3292; x_wconf 90' lang='lat' dir='ltr'>ne</span> <span class='ocrx_word' id='word_1_218' title='bbox 2022 3228 2199 3292; x_wconf 55' lang='lat' dir='ltr'>illud*</span> <span class='ocrx_word' id='word_1_219' title='bbox 2252 3229 2538 3311; x_wconf 91' lang='lat' dir='ltr'>quidem,</span> <span class='ocrx_word' id='word_1_220' title='bbox 2602 3229 2657 3293; x_wconf 94' lang='lat' dir='ltr'>si</span> 
     </span>
     <span class='ocr_line' id='line_1_30' title="bbox 513 3325 2655 3419; baseline 0 -20"><span class='ocrx_word' id='word_1_221' title='bbox 513 3336 791 3399; x_wconf 81' lang='lat' dir='ltr'>maxime</span> <span class='ocrx_word' id='word_1_222' title='bbox 835 3336 906 3399; x_wconf 93' lang='lat' dir='ltr'>in</span> <span class='ocrx_word' id='word_1_223' title='bbox 952 3337 1142 3419; x_wconf 91' lang='lat' dir='ltr'>culpa</span> <span class='ocrx_word' id='word_1_224' title='bbox 1186 3325 1381 3399; x_wconf 87' lang='lat' dir='ltr'>fuerit</span> <span class='ocrx_word' id='word_1_225' title='bbox 1425 3333 1843 3418; x_wconf 88' lang='lat' dir='ltr'>Apollonius,</span> <span class='ocrx_word' id='word_1_226' title='bbox 1887 3339 2106 3399; x_wconf 90' lang='lat' dir='ltr'>tamen</span> <span class='ocrx_word' id='word_1_227' title='bbox 2151 3335 2228 3399; x_wconf 90' lang='lat' dir='ltr'>in</span> <span class='ocrx_word' id='word_1_228' title='bbox 2272 3334 2655 3399; x_wconf 88' lang='lat' dir='ltr'>hominem</span> 
     </span>
     <span class='ocr_line' id='line_1_31' title="bbox 511 3441 2657 3529; baseline -0 -22"><span class='ocrx_word' id='word_1_229' title='bbox 511 3443 828 3507; x_wconf 83' lang='lat' dir='ltr'>maximae</span> <span class='ocrx_word' id='word_1_230' title='bbox 877 3442 1153 3507; x_wconf 84' lang='lat' dir='ltr'>civitatis</span> <span class='ocrx_word' id='word_1_231' title='bbox 1200 3441 1834 3529; x_wconf 75' lang='lat' dir='ltr'>honestissimum</span> <span class='ocrx_word' id='word_1_232' title='bbox 1889 3448 2040 3507; x_wconf 90' lang='lat' dir='ltr'>tam</span> <span class='ocrx_word' id='word_1_233' title='bbox 2102 3443 2445 3528; x_wconf 85' lang='lat' dir='ltr'>graviter</span> <span class='ocrx_word' id='word_1_234' title='bbox 2500 3442 2657 3506; x_wconf 91' lang='lat' dir='ltr'>ani-</span> 
     </span>
     <span class='ocr_line' id='line_1_32' title="bbox 513 3548 2656 3633; baseline 0 -20"><span class='ocrx_word' id='word_1_235' title='bbox 513 3550 885 3614; x_wconf 85' lang='lat' dir='ltr'>madverti</span> <span class='ocrx_word' id='word_1_236' title='bbox 935 3570 1125 3615; x_wconf 88' lang='lat' dir='ltr'>causa</span> <span class='ocrx_word' id='word_1_237' title='bbox 1169 3548 1411 3613; x_wconf 91' lang='lat' dir='ltr'>indicta</span> <span class='ocrx_word' id='word_1_238' title='bbox 1456 3571 1608 3612; x_wconf 92' lang='lat' dir='ltr'>non</span> <span class='ocrx_word' id='word_1_239' title='bbox 1655 3550 2109 3633; x_wconf 88' lang='lat' dir='ltr'>oportuisse.</span> <span class='ocrx_word' id='word_1_240' title='bbox 2181 3549 2447 3614; x_wconf 89' lang='lat' dir='ltr'>Nullam</span> <span class='ocrx_word' id='word_1_241' title='bbox 2487 3550 2556 3612; x_wconf 91' lang='lat' dir='ltr'>in</span> <span class='ocrx_word' id='word_1_242' title='bbox 2591 3554 2656 3614; x_wconf 92' lang='lat' dir='ltr'>te</span> 
     </span>
    </p>
   </div>
   <div class='ocr_carea' id='block_1_11' title="bbox 433 3656 2659 3745">
    <p class='ocr_par' dir='ltr' id='par_1_11' title="bbox 433 3656 2659 3745">
     <span class='ocr_line' id='line_1_33' title="bbox 433 3656 2659 3745; baseline 0.001 -26"><span class='ocrx_word' id='word_1_243' title='bbox 433 3680 486 3719; x_wconf 73' lang='lat' dir='ltr'>eo</span> <span class='ocrx_word' id='word_1_244' title='bbox 513 3656 820 3720; x_wconf 87' lang='lat' dir='ltr'>invidiam</span> <span class='ocrx_word' id='word_1_245' title='bbox 875 3679 956 3721; x_wconf 92' lang='lat' dir='ltr'>ne</span> <span class='ocrx_word' id='word_1_246' title='bbox 1012 3679 1092 3745; x_wconf 84' lang='lat' dir='ltr'>ex</span> <span class='ocrx_word' id='word_1_247' title='bbox 1145 3656 1273 3719; x_wconf 84' lang='lat' dir='ltr'>illi&#39;s</span> <span class='ocrx_word' id='word_1_248' title='bbox 1331 3656 1591 3739; x_wconf 90' lang='lat' dir='ltr'>quidem</span> <span class='ocrx_word' id='word_1_249' title='bbox 1636 3656 1827 3720; x_wconf 88' lang='lat' dir='ltr'>rebus</span> <span class='ocrx_word' id='word_1_250' title='bbox 1877 3656 2241 3739; x_wconf 85' lang='lat' dir='ltr'>concitabo,</span> <span class='ocrx_word' id='word_1_251' title='bbox 2297 3678 2443 3721; x_wconf 91' lang='lat' dir='ltr'>cum</span> <span class='ocrx_word' id='word_1_252' title='bbox 2490 3661 2659 3721; x_wconf 93' lang='lat' dir='ltr'>esset</span> 
     </span>
    </p>
   </div>
   <div class='ocr_carea' id='block_1_12' title="bbox 437 3763 2659 4274">
    <p class='ocr_par' dir='ltr' id='par_1_12' title="bbox 437 3763 2659 4274">
     <span class='ocr_line' id='line_1_34' title="bbox 514 3763 2659 3847; baseline 0 -20"><span class='ocrx_word' id='word_1_253' title='bbox 514 3763 661 3827; x_wconf 90' lang='lat' dir='ltr'>talis</span> <span class='ocrx_word' id='word_1_254' title='bbox 709 3765 807 3827; x_wconf 85' lang='lat' dir='ltr'>vir</span> <span class='ocrx_word' id='word_1_255' title='bbox 851 3764 920 3827; x_wconf 94' lang='lat' dir='ltr'>in</span> <span class='ocrx_word' id='word_1_256' title='bbox 966 3785 1241 3845; x_wconf 90' lang='lat' dir='ltr'>carcere,</span> <span class='ocrx_word' id='word_1_257' title='bbox 1286 3763 1355 3826; x_wconf 91' lang='lat' dir='ltr'>in</span> <span class='ocrx_word' id='word_1_258' title='bbox 1400 3763 1711 3845; x_wconf 69' lang='lat' dir='ltr'>tenebris,</span> <span class='ocrx_word' id='word_1_259' title='bbox 1755 3763 1825 3826; x_wconf 93' lang='lat' dir='ltr'>in</span> <span class='ocrx_word' id='word_1_260' title='bbox 1871 3764 2194 3847; x_wconf 89' lang='lat' dir='ltr'>squalore,</span> <span class='ocrx_word' id='word_1_261' title='bbox 2238 3763 2308 3826; x_wconf 94' lang='lat' dir='ltr'>in</span> <span class='ocrx_word' id='word_1_262' title='bbox 2345 3763 2659 3847; x_wconf 90' lang='lat' dir='ltr'>sordibus,</span> 
     </span>
     <span class='ocr_line' id='line_1_35' title="bbox 514 3870 2655 3955; baseline -0 -20"><span class='ocrx_word' id='word_1_263' title='bbox 514 3871 866 3955; x_wconf 83' lang='lat' dir='ltr'>tyrannicis</span> <span class='ocrx_word' id='word_1_264' title='bbox 893 3871 1249 3934; x_wconf 90' lang='lat' dir='ltr'>interdictis</span> <span class='ocrx_word' id='word_1_265' title='bbox 1278 3870 1406 3935; x_wconf 86' lang='lat' dir='ltr'>tuis</span> <span class='ocrx_word' id='word_1_266' title='bbox 1437 3870 1645 3954; x_wconf 87' lang='lat' dir='ltr'>patri</span> <span class='ocrx_word' id='word_1_267' title='bbox 1682 3874 1904 3935; x_wconf 82' lang='lat' dir='ltr'>exacta</span> <span class='ocrx_word' id='word_1_268' title='bbox 1934 3874 2140 3935; x_wconf 86' lang='lat' dir='ltr'>aetate</span> <span class='ocrx_word' id='word_1_269' title='bbox 2170 3875 2234 3935; x_wconf 89' lang='lat' dir='ltr'>et</span> <span class='ocrx_word' id='word_1_270' title='bbox 2263 3872 2655 3936; x_wconf 88' lang='lat' dir='ltr'>adulescenti</span> 
     </span>
     <span class='ocr_line' id='line_1_36' title="bbox 513 3977 2656 4061; baseline -0 -20"><span class='ocrx_word' id='word_1_271' title='bbox 513 3977 688 4043; x_wconf 89' lang='lat' dir='ltr'>filio</span> <span class='ocrx_word' id='word_1_272' title='bbox 752 3978 1083 4042; x_wconf 90' lang='lat' dir='ltr'>adeundi</span> <span class='ocrx_word' id='word_1_273' title='bbox 1143 3978 1230 4041; x_wconf 92' lang='lat' dir='ltr'>ad</span> <span class='ocrx_word' id='word_1_274' title='bbox 1290 3977 1509 4041; x_wconf 91' lang='lat' dir='ltr'>illum</span> <span class='ocrx_word' id='word_1_275' title='bbox 1557 3977 1862 4041; x_wconf 90' lang='lat' dir='ltr'>miserum</span> <span class='ocrx_word' id='word_1_276' title='bbox 1922 3981 2388 4061; x_wconf 88' lang='lat' dir='ltr'>potestatem</span> <span class='ocrx_word' id='word_1_277' title='bbox 2446 4000 2656 4041; x_wconf 90' lang='lat' dir='ltr'>num-</span> 
     </span>
     <span class='ocr_line' id='line_1_37' title="bbox 518 4070 2654 4168; baseline -0.001 -19"><span class='ocrx_word' id='word_1_278' title='bbox 518 4105 735 4165; x_wconf 92' lang='lat' dir='ltr'>quam</span> <span class='ocrx_word' id='word_1_279' title='bbox 783 4106 946 4150; x_wconf 91' lang='lat' dir='ltr'>esse</span> <span class='ocrx_word' id='word_1_280' title='bbox 996 4085 1328 4149; x_wconf 58' lang='lat' dir='ltr'>factam.»</span> <span class='ocrx_word' id='word_1_281' title='bbox 1398 4070 1615 4148; x_wconf 85' lang='lat' dir='ltr'>Etiam</span> <span class='ocrx_word' id='word_1_282' title='bbox 1672 4085 1833 4148; x_wconf 91' lang='lat' dir='ltr'>illud</span> <span class='ocrx_word' id='word_1_283' title='bbox 1888 4085 2277 4168; x_wconf 88' lang='lat' dir='ltr'>praeteribo,</span> <span class='ocrx_word' id='word_1_284' title='bbox 2333 4084 2654 4167; x_wconf 90' lang='lat' dir='ltr'>quotiens-</span> 
     </span>
     <span class='ocr_line' id='line_1_38' title="bbox 437 4190 2652 4274; baseline 0.001 -23"><span class='ocrx_word' id='word_1_285' title='bbox 437 4213 488 4251; x_wconf 80' lang='lat'>85</span> <span class='ocrx_word' id='word_1_286' title='bbox 518 4196 789 4274; x_wconf 88' lang='lat' dir='ltr'>cumque</span> <span class='ocrx_word' id='word_1_287' title='bbox 834 4192 1270 4257; x_wconf 87' lang='lat' dir='ltr'>Panhormum</span> <span class='ocrx_word' id='word_1_288' title='bbox 1332 4193 1578 4256; x_wconf 85' lang='lat' dir='ltr'>veneris</span> <span class='ocrx_word' id='word_1_289' title='bbox 1640 4193 1754 4256; x_wconf 90' lang='lat' dir='ltr'>illo</span> <span class='ocrx_word' id='word_1_290' title='bbox 1816 4214 1984 4255; x_wconf 88' lang='lat' dir='ltr'>anno</span> <span class='ocrx_word' id='word_1_291' title='bbox 2040 4196 2105 4255; x_wconf 91' lang='lat' dir='ltr'>et</span> <span class='ocrx_word' id='word_1_292' title='bbox 2161 4213 2272 4255; x_wconf 84' lang='lat' dir='ltr'>sex</span> <span class='ocrx_word' id='word_1_293' title='bbox 2326 4190 2652 4254; x_wconf 89' lang='lat' dir='ltr'>mensibus</span> 
     </span>
    </p>
   </div>
   <div class='ocr_carea' id='block_1_13' title="bbox 2690 2502 2760 2550">
    <p class='ocr_par' dir='ltr' id='par_1_13' title="bbox 2690 2502 2760 2550">
     <span class='ocr_line' id='line_1_39' title="bbox 2690 2502 2760 2550; baseline 0 0"><span class='ocrx_word' id='word_1_294' title='bbox 2690 2502 2760 2550; x_wconf 79' lang='lat'>20</span> 
     </span>
    </p>
   </div>
   <div class='ocr_carea' id='block_1_14' title="bbox 2695 3569 2760 3616">
    <p class='ocr_par' dir='ltr' id='par_1_14' title="bbox 2695 3569 2760 3616">
     <span class='ocr_line' id='line_1_40' title="bbox 2695 3569 2760 3616; baseline 0.015 -1"><span class='ocrx_word' id='word_1_295' title='bbox 2695 3569 2760 3616; x_wconf 86' lang='lat'>21</span> 
     </span>
    </p>
   </div>
  </div>
 </body>
</html>
