3175 4800
560 413 595 475 7
602 413 644 475 2
1148 409 1241 464 IV.
1281 410 1366 463 De
1404 409 1716 479 suppliciis,
1776 410 2103 480 (Auswahl.)

556 578 692 637 erat
756 574 824 637 in
890 575 1160 639 dicendo
1227 597 1360 638 non
1425 574 1634 638 solum
1703 575 1982 657 sapiens,
2047 575 2156 637 sed
2230 575 2424 638 etiam
2498 575 2709 658 fortis,

557 702 748 744 causa
811 703 1011 765 prope
1086 685 1383 766 perorata
1455 681 1593 764 ipse
1668 681 1940 763 arripuit
2002 681 2105 744 Μ’.
2145 679 2482 764 Aquilium
2557 704 2708 746 con-

553 788 892 872 stituitque
947 790 1017 853 in
1074 792 1423 872 conspectu
1481 787 1770 852 omnium
1826 788 2241 871 tunicamque
2297 789 2431 853 eius
2480 812 2517 852 a
2561 811 2706 873 pec·
2798 863 2808 871 ,

552 899 692 959 tore
740 896 1040 978 abscidit,
1100 899 1175 959 ut
1235 896 1562 960 cicatrices
1625 895 1904 979 populus
1952 894 2283 959 Romanus
2331 896 2705 979 iudicesque

551 1004 910 1085 aspicerent
975 1004 1241 1067 adverso
1308 1025 1575 1086 corpore
1641 1006 1967 1086 exceptas3
2042 1003 2236 1066 simul
2300 1005 2365 1067 et
2438 1004 2515 1067 de
2588 1004 2702 1068 1110
2736 1022 2760 1060 5

550 1112 842 1193 vulnere,
889 1111 1062 1194 quod
1107 1110 1218 1174 ille
1264 1111 1333 1173 in
1393 1110 1602 1191 capite
1658 1110 1738 1172 ab
1794 1109 2082 1173 hostium
2139 1110 2299 1174 duce
2354 1116 2705 1194 acceperat,

549 1218 756 1281 multa
831 1217 993 1281 dixit
1067 1238 1271 1300 eoque
1346 1217 1615 1281 adduxit
1690 1238 1828 1299 000,
1902 1217 2013 1300 qui
2087 1220 2268 1280 erant
2341 1218 2704 1301 iudicaturi,

548 1324 960 1388 vehementer
1019 1328 1093 1387 ut
1151 1328 1550 1407 vererentur,
1609 1347 1719 1407 ne,
1784 1346 1975 1407 quem
2039 1324 2251 1387 virum
2304 1325 2566 1389 fortuna
2623 1348 2703 1390 ex

547 1430 834 1494 hostium
890 1432 1036 1496 telis
1094 1432 1461 1514 eripuisset,
1516 1454 1664 1496 cum
1720 1431 1844 1495 sibi
1897 1431 2036 1514 ipse
2099 1453 2231 1495 non
2294 1433 2703 1515 pepercisset,

547 1537 655 1601 hic
700 1560 834 1602 non
880 1539 959 1602 ad
1003 1539 1232 1622 populi
1279 1538 1556 1603 Romani
1603 1540 1888 1620 laudem,
1944 1539 2055 1602 sed
2104 1539 2183 1601 ad
2229 1538 2515 1604 iudicum
2564 1561 2699 1604 cru-
2733 1555 2784 1595 10

549 1645 878 1710 delitatem
952 1646 1278 1710 videretur
1349 1668 1486 1710 esse
1562 1648 1868 1710 servatus.
1969 1645 2250 1709 Eadem
2332 1669 2530 1711 nunc
2614 1649 2699 1711 ab

547 1752 712 1816 illis
761 1753 1240 1818 defensionis
1287 1754 1488 1817 ratio
1527 1754 1760 1836 viaque
1806 1755 2259 1836 temptatur,
2303 1754 2474 1817 idem
2514 1777 2700 1839 quae-

547 1860 727 1923 ritur.
822 1857 921 1923 Sit
983 1859 1116 1942 fur,
1182 1861 1265 1924 sit
1331 1861 1709 1945 sacrilegus,
1775 1861 1859 1924 sit
1923 1861 2318 1946 flagitiorum
2409 1862 2699 1925 omnium

547 1966 980 2050 vitiorumque
1017 1967 1341 2051 princeps;
1389 1972 1455 2031 at
1502 1972 1618 2032 est
1665 1968 1907 2031 bonus
1955 1968 2404 2051 imperator,
2442 1973 2508 2032 at
2544 1969 2701 2033 felix

548 2078 611 2138 et
659 2074 737 2138 ad
776 2075 971 2139 dubia
1005 2075 1099 2138 rei
1136 2075 1432 2158 publicae
1470 2078 1765 2157 tempora
1800 2077 2237 2140 reservandus.
2319 2074 2475 2140 Non
2511 2098 2698 2161 agam
2728 2096 2780 2134 15

547 2203 799 2246 summo
847 2183 984 2246 11110
1031 2186 1274 2265 tecum,
1318 2205 1451 2247 non
1498 2183 1707 2247 dicam
1754 2182 1848 2264 id,
1895 2183 2068 2266 quod
2115 2183 2381 2247 debeam
2426 2183 2700 2248 forsitan

548 2289 863 2372 obtinere,
924 2311 1069 2353 cum
1132 2290 1442 2354 iudicium
1508 2294 1682 2354 certa
1739 2292 1883 2374 lege
1946 2289 2056 2372 sit,
2115 2311 2249 2353 non
2305 2289 2459 2373 quid
2516 2290 2585 2353 in
2630 2312 2698 2353 re

546 2395 811 2460 militari
864 2397 1122 2461 fortiter
1177 2396 1433 2480 feceriS,
1489 2397 1601 2462 sed
1660 2419 1851 2480 quem
1895 2396 1978 2460 ad
2025 2397 2289 2460 modum
2338 2419 2565 2461 manus
2615 2397 2694 2462 ab

545 2504 768 2568 alienis
824 2505 1113 2586 pecuniis
1172 2505 1585 2588 abstinueris,
1642 2505 1755 2568 abs
1802 2507 1867 2568 te
1916 2504 2130 2568 doceri
2178 2507 2502 2589 oportere3
2546 2527 2697 2588 non,

543 2612 837 2693 inquam,
897 2611 988 2674 sic
1036 2633 1252 2696 agam,
1313 2613 1423 2676 sed
1471 2613 1562 2675 ita
1610 2634 1994 2695 quaeram,
2056 2632 2246 2693 quem
2305 2612 2384 2675 ad
2431 2611 2693 2676 modum
2724 2632 2776 2671 20

543 2721 607 2781 te
662 2719 826 2782 velle
890 2719 1226 2803 intellegO,
1292 2740 1481 2802 quae
1545 2724 1677 2783 tua
1742 2740 1971 2802 opera
2036 2722 2101 2781 et
2158 2722 2397 2802 quanta
2456 2719 2696 2783 fuerit

544 2825 621 2888 in
669 2826 894 2890 bello.

723 2932 893 3009 Quid
954 2934 1158 2998 dicis?
1247 2933 1355 2998 An
1409 2936 1580 2998 bello
1639 2934 2065 3019 fugitivorum
2115 2931 2402 2996 Siciliam
2455 2933 2693 2997 virtute

543 3045 656 3105 tua
700 3041 1085 3105 liberatam?
1156 3041 1392 3126 Magna
1436 3045 1578 3106 laus
1629 3046 1693 3105 et
1737 3042 2011 3106 honesta
2050 3040 2282 3122 orati03
2330 3041 2441 3103 sed
2478 3044 2694 3103 tamen

546 3171 672 3231 quo
704 3149 921 3213 bello?
974 3149 1113 3213 Nos
1146 3149 1315 3211 enim
1346 3153 1522 3231 post
1560 3148 1722 3211 illud
1753 3148 2069 3230 bellum,
2109 3146 2304 3231 quod
2332 3145 2435 3210 Μ’.
2457 3144 2690 3228 Aqui·
2722 3165 2774 3203 25

543 3256 696 3319 lius
746 3255 1112 3336 confecit,
1159 3255 1249 3317 sic
1288 3255 1680 3338 accepimus,
1725 3257 2022 3318 nullum
2060 3255 2139 3318 in
2176 3252 2448 3318 Sicilia
2492 3254 2693 3339 fugi-

543 3362 876 3425 tivorum
926 3362 1221 3426 bellum
1276 3361 1543 3425 fuisse.
1636 3359 1736 3425 At
1782 3362 1859 3425 in
1905 3360 2137 3425 Italia
2181 3361 2350 3425 fuit.
2442 3360 2693 3443 Fateor,

543 3472 609 3532 et
668 3491 973 3554 magnum
1037 3468 1295 3552 quidem
1357 3490 1430 3532 ac
1489 3468 1852 3532 vehemens.
1964 3467 2142 3533 Num
2208 3468 2409 3553 igitur
2471 3490 2550 3532 ex
2615 3490 2690 3532 eo

542 3577 715 3640 bello
764 3580 1010 3660 partem
1060 3577 1342 3659 aliquam
1389 3576 1599 3640 laudis
1649 3576 1947 3659 adpetere
1996 3574 2289 3639 conaris?
2345 3574 2525 3640 Num
2571 3575 2693 3639 tibi

542 3684 718 3747 illius
776 3684 1081 3748 victoriae
1138 3685 1412 3768 gloriam
1471 3704 1619 3748 cum
1666 3682 1751 3746 M.
1792 3681 2018 3746 Crasso
2076 3685 2188 3745 aut
2237 3679 2345 3745 Gn.
2378 3680 2689 3765 Pompeio
2720 3698 2772 3738 80

543 3789 1081 3854 communicatam
1155 3791 1389 3872 putas?
1489 3791 1647 3857 Non
1719 3790 1996 3854 arbitror
2065 3789 2191 3853 hoc
2275 3789 2470 3852 etiam
2543 3792 2691 3852 tuae

543 3898 762 3961 deesse
809 3896 1250 3980 inpudentiae,
1295 3901 1369 3961 ut
1418 3899 1762 3980 quicquam
1803 3897 1938 3962 eius
1977 3896 2153 3960 modi
2192 3895 2400 3960 dicere
2438 3896 2689 3959 audeas.

544 4002 953 4068 Obstitisti
999 4003 1326 4087 videlicet,
1370 4028 1460 4068 ne
1508 4027 1598 4068 ex
1633 4003 1866 4069 Italia
1912 4003 2248 4067 transire
2293 4003 2365 4066 in
2402 4001 2690 4066 Siciliam

537 4111 1051 4196 fugitivorum
1114 4112 1378 4195 copiae
1438 4098 1772 4194 possent.
1863 4110 2021 4194 Ubi,
2083 4110 2368 4193 quand0,
2430 4131 2556 4191 qua
2613 4131 2692 4172 ex

539 4218 766 4301 parte?
840 4216 998 4282 Cum
1040 4222 1152 4282 aut
1187 4218 1433 4311 ratibus
1473 4220 1584 4281 aut
1621 4217 1892 4282 navibus
1932 4221 2318 4283 conarentur
2346 4214 2690 4280 accedere?
2718 4233 2769 4272 35
