3175 4800
1472 381 1717 431 38—47.
1913 449 1919 454 .
2289 427 2295 432 .
2576 381 2662 447 35

523 542 596 602 ut
641 536 861 621 aliquo
909 538 1101 602 modo
1148 538 1218 602 in
1261 538 1660 624 provinciam
1704 539 1891 604 illum
1935 544 2290 624 revocaret,
2346 541 2513 606 hanc
2561 564 2664 633 exj

523 644 768 730 cogitat
839 644 1184 729 rationem,
1257 646 1312 710 si
1383 647 1542 712 haec
1604 647 1771 711 ratio
1837 647 2054 731 potius
2118 669 2311 731 quam
2385 649 2665 714 amentia

519 751 912 817 nominanda
956 755 1070 817 est.
1161 750 1455 837 Apponit
1513 753 1592 818 de
1652 754 1783 818 suis
1831 754 2095 818 canibus
2144 755 2490 841 quendam,
2553 756 2662 839 qui

522 858 693 924 dicat
738 881 817 925 se
864 857 1288 923 Diodorum
1333 859 1815 925 Melitensem
1875 861 1985 924 rei
2047 861 2407 945 capitalis
2454 884 2662 927 reum

468 984 492 1025 5
520 968 721 1031 velle
775 967 1046 1031 facere.
1137 964 1354 1031 Primo
1415 966 1651 1031 mirum
1712 967 2010 1033 omnibus
2055 966 2259 1033 videri
2303 967 2662 1033 Diodorum

518 1095 731 1156 reum,
786 1069 1116 1137 hominem
1178 1073 1678 1157 quietissimum,
1736 1075 1816 1139 ab
1873 1075 2050 1139 omni
2094 1097 2229 1140 non
2272 1075 2464 1140 modo
2511 1076 2663 1140 faci-

519 1179 715 1263 noris,
741 1202 963 1245 verum
1002 1178 1195 1244 etiam
1232 1179 1484 1245 minimi
1521 1180 1715 1245 errati
1741 1180 2105 1266 suspicione
2132 1181 2661 1266 remotissimum3

519 1286 747 1354 deinde
785 1306 922 1350 esse
958 1286 1370 1371 perspicuum
1407 1287 1549 1351 fieri
1586 1287 1805 1353 omnia
1839 1288 1952 1351 illa
1996 1292 2262 1373 propter
2304 1294 2659 1377 argentum.

514 1390 646 1458 Iste
704 1415 839 1458 non
896 1393 1149 1458 dubitat
1207 1394 1426 1459 iubere
1483 1417 1723 1459 nomen
1778 1394 2029 1477 referri,
2084 1398 2149 1459 et
2192 1398 2334 1460 tum
2379 1397 2659 1481 primum

388 1581 401 1586 ⁶
438 1518 490 1558 ιο
517 1501 749 1584 opinor
791 1499 990 1564 istum
1036 1500 1318 1566 absentis
1364 1522 1603 1565 nomen
1644 1500 1976 1586 recepisse.
2050 1500 2177 1566 Res
2226 1504 2396 1573 clara
2442 1502 2661 1570 Sicilia
2697 1520 2764 1570 41

515 1609 656 1671 tota
698 1610 965 1691 propter
1011 1607 1238 1670 caelati
1284 1607 1533 1694 argenti
1581 1607 2000 1690 cupiditatem
2044 1629 2187 1671 reos
2247 1608 2388 1673 fieri
2443 1632 2659 1674 rerum

516 1711 918 1796 capitalium,
975 1734 1183 1797 neque
1242 1714 1454 1778 solum
1512 1734 1656 1778 reos
1715 1712 1883 1797 fieri,
1941 1714 2053 1779 sed
2109 1715 2303 1778 etiam
2359 1716 2656 1781 absentis.

516 1818 899 1883 Diodorus
947 1817 1191 1884 Romae
1239 1819 1600 1885 sordidatus
1659 1820 1941 1885 circum
2001 1825 2369 1906 patronos
2431 1827 2656 1907 atque

514 1924 865 2010 hospites
940 1948 1273 2010 cursare,
1344 1950 1482 1993 rem
1555 1927 1854 1991 omnibus
1927 1951 2201 1993 narrare.
2311 1928 2657 1995 Litterae

436 2048 487 2090 1⁵
514 2030 934 2120 mittuntur
994 2032 1131 2098 isti
1194 2057 1232 2098 a
1294 2039 1509 2119 patre
1572 2034 2011 2119 vehementes,
2074 2036 2153 2100 ab
2215 2034 2436 2100 amicis
2482 2036 2659 2120 item,

512 2140 786 2224 videret,
832 2140 987 2224 quid
1034 2144 1252 2226 ageret
1298 2141 1376 2205 de
1421 2140 1740 2223 Diodor0‚
1785 2162 1913 2223 quo
1958 2143 2475 2231 progrederetur3
2520 2165 2655 2207 rem

516 2247 752 2312 claram
799 2268 936 2311 esse
983 2252 1050 2312 et
1092 2247 1502 2331 invidiosam3
1562 2246 1840 2311 insanire
1885 2247 2242 2331 hominem,
2298 2248 2656 2331 periturum

513 2353 637 2419 hoc
696 2375 825 2418 uno
887 2354 1180 2438 crimine,
1236 2353 1364 2419 nisi
1409 2352 1697 2419 cavisset.
1785 2351 1917 2420 Iste
1964 2353 2157 2419 etiam
2202 2358 2343 2422 tum
2388 2359 2659 2441 patrem,

513 2461 758 2526 sinon
816 2461 886 2525 in
928 2462 1242 2545 parentis,
1297 2465 1364 2526 at
1408 2461 1478 2526 in
1520 2461 1858 2526 hominum
1904 2448 2172 2526 numero
2217 2463 2515 2547 putabat3
2575 2464 2656 2553 ad

431 2587 485 2628 ιο
512 2567 821 2633 iudicium
865 2569 1155 2634 nondum
1202 2590 1271 2634 se
1319 2569 1475 2634 satis
1520 2568 1938 2653 instruxerat3
1983 2568 2228 2653 primus
2275 2564 2496 2636 annus
2520 2574 2655 2636 erat

509 2674 903 2760 provinciae,
964 2698 1125 2760 non,
1187 2680 1262 2741 ut
1322 2675 1394 2740 in
1458 2673 1755 2758 Sthenio,
1818 2675 1947 2740 iam
2019 2676 2291 2740 refertus
2364 2677 2652 2761 pecunia.

507 2779 733 2865 Itaque
779 2781 994 2847 furor
1039 2783 1201 2848 eius
1249 2783 1649 2867 paululum
1694 2803 1828 2846 non
1871 2783 2143 2867 pudore,
2198 2782 2309 2847 sed
2355 2786 2532 2848 metu
2579 2806 2652 2849 ac

509 2886 741 2952 timore
776 2910 1174 2970 repressus
1223 2892 1353 2953 est.
1429 2886 1869 2952 Condemnare
1897 2888 2255 2953 Diodorum
2291 2911 2426 2953 non
2461 2890 2654 2955 audet

510 2993 870 3077 absentem,
932 2994 1018 3058 de
1082 2994 1233 3059 reis
1299 2992 1582 3058 eximit.
1675 2993 1997 3058 Diodorus
2061 2995 2306 3059 interea
2357 3000 2651 3079 praetore

427 3118 481 3160 25
508 3098 634 3164 isto
698 3122 898 3183 prope
961 3100 1309 3165 triennium
1364 3100 1697 3184 provincia
1750 3101 2069 3184 domoque
2130 3102 2351 3166 caruit.
2443 3101 2653 3167 Ceteri
2688 3120 2755 3168 42

476 3226 642 3269 ·non
687 3207 896 3270 solum
936 3206 1166 3290 Siculi,
1212 3208 1322 3272 sed
1360 3207 1554 3272 etiam
1594 3207 1764 3272 cives
1802 3206 2080 3271 Romani
2112 3208 2239 3272 hoc
2275 3211 2651 3294 statuerant,

510 3311 814 3394 quoniam
861 3313 981 3378 iste
1020 3318 1273 3379 tantum
1326 3314 1677 3399 cupiditate
1723 3315 2240 3400 progrederetur,
2283 3316 2449 3405 nihil
2494 3339 2652 3405 esse,

507 3418 678 3501 quod
720 3418 1059 3504 quisquam
1098 3425 1355 3506 putaret
1391 3443 1487 3505 se,
1520 3422 1694 3508 quod
1728 3421 1839 3486 isti
1874 3423 2067 3506 paulo
2106 3423 2311 3510 magis
2348 3425 2649 3509 placeret,

508 3545 881 3591 conservare
942 3532 1055 3593 aut
1116 3528 1291 3592 domi
1347 3528 1623 3594 retinere
1682 3550 1899 3612 posse3
1957 3532 2183 3613 postea
2240 3553 2391 3595 vero
2453 3553 2646 3615 quam

424 3651 479 3691 80
506 3630 960 3698 intellexerunt
1016 3635 1126 3700 isti
1186 3635 1393 3699 virum
1453 3635 1718 3719 fortem,
1776 3657 1965 3719 quem
2020 3657 2270 3701 summe
2314 3636 2647 3720 provincia

505 3739 912 3823 expectabat,
947 3739 1019 3816 Q.
1048 3738 1337 3824 Arrium,
1382 3764 1516 3808 non
1560 3742 1925 3825 succedere,
1969 3745 2332 3809 statuerunt
2374 3743 2541 3808 nihil
2576 3766 2645 3810 se

502 3848 633 3910 tam
676 3846 982 3910 ‘clausum
1035 3869 1244 3931 neque
1288 3850 1423 3912 tam
1468 3849 1868 3914 reconditum
1915 3872 2105 3935 posse
2147 3850 2411 3935 habere,
2471 3851 2644 3936 quod

501 3973 635 4016 non
660 3952 849 4018 istius
878 3953 1216 4038 cupiditati
1244 3954 1720 4039 apertissimum
1747 3957 2428 4041 promptissimumque
2458 3960 2642 4021 esset.

693 4059 910 4125 Verres
952 4060 1168 4125 raubte
1211 4061 1370 4126 auch
1414 4064 1552 4128 dem
1599 4061 1803 4126 Ritter
1850 4061 1917 4126 0.
1957 4063 2246 4130 Calidius
2299 4065 2433 4128 und
2502 4065 2640 4127 dem
2674 4066 2748 4170 ἐξ

424 4183 477 4224 85
503 4164 578 4228 L.
619 4164 940 4247 Papinius
992 4168 1254 4233 silberne
1313 4166 1561 4247 Gerc'ite,
1618 4170 1755 4234 dem
1799 4175 2061 4235 erstem-en
2104 4170 2365 4234 silberne
2412 4167 2640 4249 Pserd-
2675 4189 2743 4235 47
2775 4194 2784 4201 ·

2142 4289 2211 4341 3*
