3175 4800
1386 459 1389 462 ‚
1419 396 1600 445 103—
1615 397 1734 446 109.
2561 394 2645 460 57

510 578 584 621 eo
630 557 775 620 loco
820 558 1083 639 repente
1130 555 1444 639 extitisse,
1486 555 1844 640 ubiusque
1883 555 1962 619 ad
1998 556 2124 620 hoc
2170 560 2424 640 tempus
2464 555 2649 641 Syra—

510 662 731 728 cusani
766 662 964 727 festos
1003 661 1136 726 dies
1174 662 1879 748 anniversarios'agunt
1916 663 2327 728 celeberrimo
2365 664 2650 728 virorum

507 770 978 853 mulierumque
1037 773 1376 834 conventu.
1474 767 1748 853 Propter
1806 769 2000 834 11111116
2061 769 2381 854 opinionis
2440 775 2651 835 vetus-

496 879 736 960 tatem,
783 877 955 961 quod
1001 876 1260 941 horum.
1280 875 1474 942 iniis
1518 875 1680 941 locis
1726 876 2001 962 vestigia
2046 899 2120 941 ac
2154 899 2355 960 prope
2391 877 2650 942 incuna—

455 1005 479 1046 5
507 984 662 1048 bula
705 984 1113 1067 reperiuntur
1158 983 1450 1066 deorum,
1503 984 1667 1047 mira
1714 984 2029 1067 quaedam
2075 987 2216 1048 tota
2262 982 2481 1049 Sicilia
2525 984 2651 1067 pri·
2731 1014 2740 1018 ⁴

506 1092 706 1156 vatim
764 1112 839 1155 ac
889 1089 1147 1173 publice
1200 1089 1428 1175 religio
1483 1094 1582 1155 est
1620 1089 1872 1155 Cereris
1918 1089 2300 1156 Hennensis.
2390 1091 2651 1156 Etenim

508 1199 714 1263 multa
782 1202 974 1282 saepe
1037 1196 1333 1283 prodigia
1393 1197 1526 1261 vim
1592 1197 1727 1261 eius
1790 1219 2159 1281 numenque
2222 1198 2652 1281 declararunt3

507 1305 729 1369 multis
776 1326 965 1388 saepe
1010 1305 1081 1368 in
1125 1303 1523 1369 difficillimis
1567 1304 1760 1368 rebus
1805 1325 2105 1388 praesens
2153 1305 2464 1370 auxilium
2515 1305 2650 1369 eius

509 1412 798 1477 oblatum
846 1416 970 1495 est,
1023 1416 1097 1476 ut
1140 1412 1299 1476 haec
1343 1412 1556 1476 insula
1602 1411 1682 1475 ab
1722 1433 1796 1475 ea
1838 1434 1971 1477 non
2019 1412 2229 1477 solum
2277 1412 2487 1497 diligi,
2540 1412 2649 1475 sed

430 1541 481 1581 ιο
510 1520 703 1583 etiam
776 1519 974 1611 incoli
1047 1518 1482 1603 custodirique
1545 1518 1852 1582 videatur.
1954 1517 2094 1583 Nec
2157 1520 2368 1584 solum
2434 1516 2653 1602 Siculi,

507 1649 731 1709 verum
752 1626 945 1691 etiam
967 1630 1213 1690 ceterae
1241 1627 1465 1711 gentes
1482 1625 1907 1708 nationesque
1926 1623 2339 1689 Hennensem
2361 1623 2651 1689 Cererem

508 1733 785 1797 maxime
847 1733 1086 1797 colunt.
1177 1731 1438 1796 Etenim
1497 1731 1554 1795 si
1608 1729 2103 1796 Atheniensium
2164 1753 2344 1796 sacra
2401 1753 2653 1796 summa

509 1839 860 1922 cupiditate
899 1841 1312 1922 expetuntur,
1350 1838 1429 1902 ad
1468 1859 1648 1922 quos,
1672 1837 1859 1903 Ceres
1896 1839 1967 1902 in
2001 1839 2115 1904 illo
2154 1861 2367 1903 errore
2402 1839 2652 1903 venisse

508 1945 745 2011 dicitur
784 1946 1133 2032 frugesque
1179 1945 1499 2029 attulisse,
1543 1948 1851 2029 quantam
1899 1968 2036 2011 esse
2079 1947 2459 2032 religionem
2507 1967 2653 2011 con-

428 2074 480 2114 15
506 2053 685 2118 venit
742 2075 994 2137 eorum,
1052 2052 1222 2137 apud
1283 2074 1444 2135 quos
1504 2074 1646 2117 eam
1704 2055 1923 2117 natam
1984 2075 2122 2118 esse
2178 2057 2243 2118 et
2295 2054 2512 2139 fruges
2560 2054 2653 2117 in-

509 2161 759 2224 venisse
825 2159 1120 2225 constat?
1208 2157 1435 2243 Itaque
1490 2159 1661 2241 apud
1723 2162 1937 2242 patres
2000 2163 2258 2224 nostros
2318 2160 2520 2224 atroci
2579 2182 2652 2224 ac

510 2264 760 2330 difficili
786 2267 879 2330 rei
915 2267 1212 2350 'publicae
1239 2270 1558 2348 tempore,
1604 2285 1751 2329 cum
1780 2265 1873 2329 Ti.
1906 2263 2193 2330 Graccho
2225 2267 2436 2331 occiso
2474 2289 2652 2352 mag-

507 2395 738 2438 norum
791 2375 795 2381 '
828 2374 1261 2458 periculorum
1350 2375 1559 2439 metus
1652 2395 1731 2437 ex
1803 2373 2072 2438 ostentis
2145 2373 2652 2458 portenderetur,

508 2479 577 2544 P.
627 2480 878 2546 Mucio
925 2481 996 2546 L.
1056 2479 1477 2564 Calpurnio
1553 2481 2004 2547 consulibus
2080 2481 2324 2546 aditum
2401 2486 2500 2546 est
2571 2480 2650 2544 ad

428 2609 481 2650 so
507 2588 708 2652 libros
747 2586 1126 2673 Sibyllinos3
1175 2611 1252 2652 ex
1291 2588 1524 2671 quibus
1560 2588 1897 2652 inventum
1937 2592 2034 2652 est
2073 2587 2417 2653 Cererem
2455 2588 2651 2652 anti-

510 2695 954 2778 quissimam
1014 2696 1321 2780 ‘placari
1395 2699 1774 2780 oportere.
1876 2695 2043 2759 Tum
2110 2719 2187 2760 ex
2252 2696 2648 2780 amplissimo

2691 1535 2792 1584 108

508 2802 781 2886 collegio
821 2803 1227 2867 decemvirali
1272 2802 1631 2866 sacerdotes
1676 2802 1905 2886 populi
1941 2800 2245 2885 Romani,
2291 2824 2437 2866 cum
2484 2806 2652 2866 esset
2757 2845 2760 2848 ι

507 2908 579 2970 111
604 2907 763 2971 111116
790 2911 1013 2972 nostra
1042 2907 1284 2972 Cereris
1312 2908 1820 2992 pulcherrimum
1851 2912 1914 2971 et
1942 2908 2651 2992 magnificentissimum

507 3016 853 3098 templum,
888 3018 1107 3078 tamen
1142 3034 1346 3097 usque
1382 3012 1682 3078 Hennam
1718 3015 1993 3097 profecti
2030 3018 2196 3078 sunt.
2272 3014 2480 3082 Tanta
2516 3018 2652 3078 erat

427 3143 480 3184 25
510 3122 681 3186 enim
728 3122 1075 3186 auctoritas
1123 3125 1187 3185 et
1223 3125 1509 3185 vetustas
1547 3120 1722 3184 illius
1760 3120 2120 3206 religionis,
2164 3125 2265 3205 ut,
2312 3143 2459 3185 cum
2495 3122 2651 3186 illuc

508 3229 702 3311 irent,
746 3251 880 3292 non
926 3228 1004 3292 ad
1051 3228 1271 3292 aedem
1322 3226 1595 3310 Cereris,
1640 3226 1750 3292 sed
1797 3227 1876 3291 ad
1922 3228 2130 3312 ipsam
2169 3227 2461 3293 Cererem
2507 3249 2651 3313 pro-

508 3335 710 3399 ficisci
772 3335 1157 3400 viderentur.
1246 3334 1398 3400 Non
1461 3334 1815 3399 obtundam
1880 3336 2147 3419 diutius3
2220 3336 2457 3400 etenim
2520 3336 2650 3399 iam

509 3442 751 3506 dudum
788 3463 1038 3524 vereor,
1073 3465 1155 3506 ne
1193 3442 1398 3506 oratio
1436 3465 1580 3506 mea
1618 3442 1826 3507 aliena
1862 3443 1942 3507 ab
1981 3443 2364 3507 iudiciorum
2401 3442 2650 3507 ratione

509 3555 574 3614 et
629 3573 666 3612 a
721 3549 1042 3614 cotidiana
1095 3549 1349 3614 dicendi
1404 3550 1867 3615 consuetudine
1924 3572 2059 3614 esse
2104 3552 2411 3614 videatur.
2505 3548 2650 3614 Hoc

429 3677 482 3717 so
512 3656 683 3739 dico,
736 3656 928 3720 hanc
974 3656 1214 3740 ipsam
1263 3655 1608 3721 Cererem
1656 3656 2197 3739 antiquissimam,
2249 3656 2650 3742 religiosissi-

508 3785 710 3846 mam,
771 3763 1125 3846 principem
1192 3764 1480 3828 omnium
1545 3785 1901 3847 sacrorum,
1964 3785 2127 3847 quae
2192 3763 2360 3847 apud
2428 3785 2648 3828 omnes

507 3873 731 3955 gentes
795 3869 1216 3954 nationesque
1274 3870 1467 3954 fiunt,
1527 3894 1583 3935 a.
1624 3869 1688 3934 C.
1727 3870 1928 3935 Verre
1988 3893 2077 3934 ex
2132 3871 2289 3935 suis
2337 3872 2647 3954 templis

509 3999 581 4041 ac
654 3977 912 4058 sedibus
988 3997 1150 4040 esse
1224 3976 1619 4043 sublatam.
1728 3977 1853 4055 Qui
1912 3979 2267 4043 accessistis
2332 3976 2650 4059 Hennam,

509 4084 757 4148 vidistis
815 4084 1307 4153 simulacrum
1364 4084 1658 4150 Cereris
1716 4108 1751 4149 6
1796 4108 2114 4149 marmore
2170 4088 2234 4149 et
2279 4085 2357 4146 in
2402 4083 2646 4145 altero

432 4208 484 4249 ⁸5
512 4191 795 4274 templo
854 4190 1189 4256 Liberae.
1296 4189 1462 4257 Sunt
1522 4216 1595 4257 ea
1658 4192 1988 4276 perampla
2051 4194 2243 4275 atque
2306 4187 2650 4272 praeclara,

2689 3351 2791 3401 109
