3175 4800
458 1007 527 1055 30

453 2288 519 2336 31

567 404 654 468 30
1219 401 1311 456 III.
1352 403 1436 456 De
1475 402 1667 487 signis.
1728 403 2057 473 (Auswahl.)

564 565 865 629 habuisse
927 565 1275 649 depositae,
1332 589 1415 630 ne
1481 588 1608 650 qua
1681 567 2146 649 invenirentur3
2211 567 2396 632 istius
2462 571 2709 633 tantam

563 672 763 736 fuisse
802 672 1246 758 sagacitatem,
1282 677 1357 737 ut
1394 694 1499 737 eas
1545 695 1661 756 per
1705 674 1889 737 illum
1937 674 2150 757 ipsum
2187 673 2533 757 inspiceret
2543 676 2712 763 ,pubi

566 782 746 843 erant
793 779 1146 863 depositae3
1206 783 1346 843 tum
1394 801 1461 843 se
1508 780 1891 862 deprensum
1938 802 2174 865 negare
2218 803 2352 845 non
2395 783 2710 866 potuisse3

564 886 656 950 ita
702 886 782 950 ab
830 907 898 950 se
943 886 1148 950 invito
1195 886 1492 969 phaleras
1539 887 1786 951 ablatas
1834 888 2053 972 gratis.

741 991 907 1075 Iam,
966 995 1039 1056 ut
1097 992 1257 1056 haec
1317 993 1534 1070 omnia
1591 994 1869 1077 reperire
1925 1015 1999 1058 ac
2045 997 2433 1078 perscrutari
2479 997 2707 1061 solitus
2738 1015 2762 1055 5

564 1100 676 1183 sit,
719 1099 989 1182 iudices,
1036 1103 1133 1163 est
1180 1121 1408 1182 operae
1461 1101 1743 1185 pretium
1805 1122 2206 1186 cognoscere.
2301 1101 2707 1187 Cibyratae

564 1209 715 1270 sunt
772 1206 1053 1271 fratres
1117 1205 1406 1289 quidam,
1451 1207 1943 1291 Tlepolemus
1992 1212 2065 1273 et
2110 1208 2374 1293 HierO,
2433 1233 2706 1294 quorum

564 1312 836 1376 alterum
882 1313 1126 1398 fingere
1154 1312 1404 1396 ‚opinor
1448 1337 1481 1377 e
1529 1336 1674 1379 cera
1719 1315 1983 1381 solitum
2032 1337 2196 1398 esse,
2250 1318 2523 1381 alterum
2571 1339 2708 1382 esse

560 1418 892 1501 pictorem.
982 1418 1197 1484 Hosce
1261 1420 1518 1503 opinor,
1581 1414 1852 1506 Cibyrae
1918 1444 2064 1487 cum
2137 1423 2207 1488 in
2279 1424 2707 1508 suspicionem

562 1526 888 1591 venissent
946 1527 1077 1591 suis
1138 1527 1384 1592 civibus
1439 1527 1664 1591 fanum
1712 1529 2026 1612 expilasse
2072 1528 2423 1615 Apollinis,
2469 1531 2705 1596 veritos
2738 1549 2789 1587 ιο

560 1654 835 1716 poenam
881 1633 1102 1697 iudicii
1148 1656 1221 1698 ac
1266 1634 1429 1719 legis
1478 1634 1672 1699 domo
1732 1636 2113 1722 profugisse.
2206 1636 2393 1714 Quod
2439 1638 2706 1703 Verrem

562 1739 817 1804 artificii
863 1741 963 1804 sui
1009 1741 1315 1825 cupidum
1364 1747 1799 1826 cognoverant
1835 1747 2005 1827 tum,
2053 1766 2198 1809 cum
2235 1745 2386 1829 iste,
2430 1745 2496 1809 id
2535 1745 2706 1830 quod

563 1869 642 1910 ex
700 1847 973 1912 testibus
1035 1846 1375 1932 didicistis,
1432 1848 1732 1933 Cibyram
1781 1870 1928 1912 cum
1974 1850 2274 1915 inanibus
2322 1854 2705 1938 syngraphis

559 1957 849 2036 venerat,
894 1953 1086 2019 domo
1133 1956 1453 2042 fugientes
1493 1956 1573 2019 ad
1613 1978 1759 2020 eum
1798 1977 1865 2020 se
1904 1958 2149 2039 exules,
2195 1979 2341 2021 cum
2379 1959 2501 2022 iste
2540 1964 2707 2023 esset

560 2059 629 2122 in
674 2058 858 2144 Asia,
904 2063 1332 2126 contulerunt.
1423 2060 1674 2126 Habuit
1721 2084 1829 2127 eos
1878 2084 2096 2127 secum
2143 2064 2256 2128 illo
2304 2067 2595 2147 tempore
2643 2070 2785 2129 et1⁵

558 2167 628 2230 in
684 2168 1025 2253 legationis
1086 2170 1338 2253 praedis
1399 2172 1592 2251 atque
1624 2169 1835 2234 ⁴furtis
1884 2171 2161 2233 multum
2206 2170 2466 2235 illorum
2515 2194 2708 2255 opera

561 2275 956 2358 consilioque
1029 2296 1182 2339 usus
1258 2280 1369 2339 est.
1463 2275 1552 2338 Hi
1625 2281 1776 2340 sunt
1840 2276 1964 2358 illi,
2038 2276 2271 2359 quibus
2336 2278 2405 2340 in
2467 2278 2705 2343 tabulis

556 2382 753 2447 refert
812 2405 949 2448 sese
996 2381 1069 2459 Q.
1108 2381 1345 2446 Tadius
1407 2380 1681 2447 ‘dedisse
1741 2383 1921 2447 iussu
1968 2383 2153 2448 istius
2202 2382 2456 2448 Graecis
2502 2383 2705 2466 picto-

556 2490 786 2554 ribus'.
878 2490 1009 2554 Eos
1057 2489 1184 2552 iam
1233 2488 1394 2552 bene
1442 2489 1736 2572 cognitos
1786 2493 1849 2552 et
1893 2512 1963 2553 re
2008 2491 2315 2573 probatos
2363 2510 2579 2553 secum
2635 2491 2705 2554 in

502 2582 507 2586 ’
560 2594 844 2661 Siciliam
893 2594 1090 2659 duxit.
1185 2595 1324 2670 Quo
1372 2596 1794 2677 posteaquam
1841 2599 2181 2678 venerunt,
2227 2596 2588 2674 mirandum
2635 2598 2704 2661 in
2730 2612 2783 2651 20

449 3462 513 3511 32

558 2703 821 2768 modum
896 2700 1147 2788 (canes
1220 2701 1620 2765 venaticos
1696 2700 2020 2788 diceres)
2094 2702 2186 2767 ita
2270 2703 2703 2769 odorabantur

559 2809 774 2872 omnia
833 2811 898 2871 et
952 2807 1501 2891 pervestigabant,
1559 2810 1662 2890 ut,
1720 2808 1835 2872 ubi
1896 2809 2180 2892 quidque
2235 2814 2429 2895 esset,
2488 2811 2704 2896 aliqua

554 2916 801 2978 ratione
839 2913 1214 2977 invenirent.
1288 2911 1487 2978 Aliud
1524 2915 1858 2998 minando,
1896 2915 2070 2980 aliud
2105 2916 2492 3000 pollicendO,
2529 2919 2702 2982 aliud

555 3044 670 3105 per
728 3040 971 3101 servos,
1030 3019 1205 3083 aliud
1263 3042 1379 3104 per
1434 3021 1672 3087 liberos
1684 3073 1701 3105 ,
1759 3046 1877 3106 per
1936 3024 2214 3088 amicum
2275 3024 2478 3106 aliud,
2527 3024 2701 3088 aliud

554 3150 670 3211 per
727 3126 1059 3191 inimicum
1118 3128 1558 3212 inveniebant3
1621 3130 1927 3213 quicquid
1973 3131 2101 3195 illis
2148 3133 2505 3215 placuerat,
2562 3152 2700 3214 per·
2729 3147 2781 3187 25

556 3233 831 3297 dendum
892 3237 1043 3297 erat.
1134 3233 1320 3299 Nihil
1377 3236 1551 3299 aliud
1600 3236 1938 3321 optabant,
1994 3259 2269 3321 quorum
2315 3238 2703 3322 poscebatur

554 3343 919 3425 argentum,
962 3341 1089 3405 nisi
1133 3345 1207 3405 ut
1252 3342 1318 3406 id
1363 3342 1635 3407 Hieroni
1682 3347 1746 3407 et
1791 3343 2167 3428 Tlepolemo
2216 3345 2599 3427 displiceret.

733 3446 975 3511 Verum
1059 3449 1422 3514 mehercule
1505 3450 1657 3532 hoc,
1738 3450 2010 3534 iudices,
2102 3451 2327 3516 dicam.
2433 3451 2700 3515 Memini

555 3552 1036 3639 Pamphilum
1063 3555 1684 3640 Lilybaetanum,
1713 3558 1991 3621 amicum
2022 3561 2085 3621 et
2112 3557 2436 3641 hospitem
2465 3580 2701 3640 meum,

552 3660 836 3726 nobilem
874 3662 1223 3746 hominem,
1259 3663 1420 3727 mihi
1455 3687 1734 3747 narrare,
1760 3686 1909 3729 cum
1948 3664 2070 3728 iste
2108 3665 2187 3729 ab
2228 3686 2365 3730 sese
2400 3665 2697 3749 hydriam
2726 3692 2779 3731 30

553 3768 789 3833 Boethi
833 3792 1029 3833 manu
1074 3771 1312 3834 factam
1357 3773 1684 3854 praeclaro
1748 3794 1938 3856 opere
2005 3776 2069 3834 et
2131 3772 2359 3857 grandi
2418 3772 2699 3856 pondere

553 3899 669 3960 per
701 3880 1086 3961 potestatem
1127 3877 1516 3961 abstulisset,
1557 3899 1624 3942 se
1662 3900 1814 3943 sane
1851 3878 2102 3943 tristem
2142 3883 2206 3943 et
2243 3879 2698 3944 conturbatum

556 3983 818 4048 domum
863 3984 1224 4068 revertisse,
1272 3984 1445 4069 quod
1491 4006 1604 4049 vas
1652 3985 1787 4050 eius
1826 3986 2031 4068 modi,
2069 3987 2242 4069 quod
2282 3986 2405 4051 sibi
2443 4011 2480 4051 a
2515 3990 2698 4071 patre

554 4094 617 4155 et
677 4116 715 4157 a
773 4078 1122 4156 maioribus
1184 4097 1351 4157 esset
1407 4092 1734 4175 relictum,
1794 4113 1923 4175 quo
1985 4093 2212 4156 solitus
2262 4097 2428 4158 esset
2473 4093 2571 4158 uti
2619 4092 2698 4157 ad

551 4199 750 4264 festos
812 4199 974 4281 dies,
1033 4198 1111 4263 ad
1171 4198 1501 4282 hospitum
1564 4200 1905 4283 adventus,
1965 4224 2002 4264 a
2061 4221 2128 4264 se
2176 4204 2343 4264 esset
2390 4201 2693 4265 ablatum.
2726 4227 2775 4267 35
