3175 4800
1398 413 1580 462 133-
1597 413 1715 462 150.
2541 411 2626 476 69

484 595 608 657 que
667 595 748 637 ne
809 573 1129 655 deessent,
1187 576 1262 636 ut
1321 572 1499 635 illam
1558 570 2026 655 laudationem,
2080 593 2273 654 quam
2329 592 2396 635 se
2442 573 2508 636 vi
2555 594 2629 638 30

483 684 661 745 metu
709 682 965 744 coactos
1012 679 1233 764 paucis
1281 679 1409 742 illis
1458 679 1683 743 diebus
1732 678 2020 743 decresse
2069 678 2393 761 dicebant,
2447 681 2624 743 tolle-

482 792 642 852 rent.
743 786 999 870 Itaque,
1069 786 1341 869 iudiceS,
1406 783 1795 870 Syracusani
1866 785 2024 850 haec
2097 785 2372 869 faciunt,
2441 787 2628 852 istius

482 896 745 960 clientes
794 898 988 978 atque
1035 894 1242 957 amici.
1332 892 1624 957 Primum
1670 892 1830 956 mihi
1875 894 2187 957 litteras
2247 893 2631 978 publicas,

430 1023 454 1062 5
485 1024 642 1086 quas
690 1003 758 1066 in
805 1002 1046 1066 aerario
1096 1001 1412 1065 sanctiore
1460 1001 1751 1065 conditas
1796 1000 2152 1083 habebant,
2195 1000 2629 1085 proferunt3

481 1110 551 1174 in
598 1109 832 1191 quibus
895 1109 1244 1172 ostendunt
1304 1108 1547 1190 omnia,
1608 1129 1771 1190 quae
1827 1107 1961 1171 dixi
2015 1108 2231 1172 ablata
2283 1129 2449 1191 esse,
2492 1131 2630 1192 per-

484 1217 723 1299 scripta
768 1219 833 1280 et
877 1217 1065 1299 plura
1110 1216 1334 1298 etiam,
1381 1236 1573 1298 quam
1613 1237 1733 1301 ego
1771 1216 1959 1297 potui
1996 1215 2231 1297 dicere3
2276 1217 2632 1300 perscripta

388 1341 393 1346 ’
483 1327 699 1389 autem
757 1323 882 1387 1100
942 1322 1162 1387 modo:
1238 1321 1482 1398 ‘Quod
1543 1345 1632 1386 ex
1691 1322 1871 1386 aede
1917 1321 2304 1385 Minervae
2358 1321 2501 1386 1100
2559 1327 2630 1387 et

480 1429 678 1494 illud
738 1430 1071 1513 abesset,
1132 1430 1330 1514 quod
1391 1452 1479 1494 ex
1539 1430 1719 1493 aede
1766 1427 2003 1512 Iovis,
2058 1428 2257 1512 quod
2317 1452 2406 1493 ex
2451 1431 2630 1494 aede

403 1559 454 1597 10
482 1536 773 1601 Liberi'
811 1575 893 1583 —
946 1541 1020 1600 ut
1066 1537 1339 1619 quisque
1384 1537 1462 1600 iis
1509 1537 1702 1600 rebus
1748 1536 2002 1599 tuendis
2051 1537 2630 1622 conservandisque

481 1644 872 1726 praefuerat,
930 1644 1023 1707 ita
1081 1643 1509 1726 perscriptum
1571 1647 1708 1707 erat
1763 1680 1851 1688 —
1898 1642 2096 1706 ‘cum
2155 1643 2534 1708 rationem
2596 1668 2630 1709 e

479 1751 650 1835 lege
713 1750 1121 1814 redderent
1187 1753 1286 1831 et‘,
1352 1772 1539 1833 quae
1606 1752 2090 1833 acceperant,
2143 1750 2443 1815 tradere
2509 1751 2631 1815 de-

481 1856 779 1940 berent,
840 1858 1158 1940 petisse,
1221 1861 1304 1921 ut
1368 1858 1546 1940 sibi,
1613 1857 1811 1941 quod
1877 1879 2006 1921 333
2069 1878 2188 1921 res
2247 1857 2631 1942 abessent,

480 1963 1043 2050 ignosceretur3
1089 1965 1353 2048 itaque
1401 1985 1659 2029 omnes
1705 1964 2084 2029 liberatos
2148 1965 2630 2050 discessisse,

403 2091 452 2132 15
482 2075 555 2135 et
615 2090 777 2136 esse
837 2072 1187 2157 ignotum
1247 2072 1641 2137 omnibus.'
1754 2070 1925 2147 Quas
1982 2093 2102 2156 ego
2157 2072 2404 2136 litteras
2463 2073 2629 2137 obsi-

480 2178 766 2263 gnandas
813 2179 1074 2261 publico
1123 2180 1308 2263 signo
1358 2176 1914 2260 deportandasque
1962 2177 2196 2241 curavi.

659 2283 766 2348 De
828 2285 1278 2349 laudatione
1343 2287 1557 2347 autem
1619 2283 1782 2347 ratio
1845 2284 1937 2348 sic
1997 2284 2156 2348 mihi
2211 2285 2459 2349 reddita
2515 2291 2628 2351 est.

481 2390 770 2457 Primum
810 2413 958 2457 cum
997 2416 1034 2456 a
1072 2390 1138 2459 C.
1167 2390 1368 2457 Verre
1413 2391 1668 2457 litterae
1716 2390 2047 2476 aliquanto
2096 2394 2244 2457 ante
2282 2393 2630 2458 adventum

481 2523 696 2564 meum
736 2500 813 2564 de
848 2500 1220 2564 laudatione
1247 2499 1595 2583 venissent,
1630 2499 1796 2563 nihil
1833 2521 1971 2564 esse
2010 2500 2365 2584 decretum3
2403 2501 2629 2565 deinde

400 2626 452 2667 20
482 2628 628 2671 cum
686 2607 947 2691 quidam
1003 2630 1083 2671 ex
1137 2607 1310 2671 illius
1367 2607 1588 2671 amicis
1646 2609 2129 2671 commonerent
2185 2611 2479 2690 oportere
2526 2607 2630 2672 de·

480 2715 682 2797 cerni,
718 2715 1000 2779 maximo
1040 2715 1318 2779 clamore
1356 2735 1493 2779 esse
1532 2719 1597 2779 et
1635 2715 1925 2779 convicio
1962 2714 2360 2798 repudiatos3
2385 2720 2631 2798 postea,

480 2843 676 2904 quom
714 2843 893 2885 meus
934 2821 1245 2885 adventus
1284 2821 1858 2903 adpropinquaret,
1902 2822 2249 2904 imperasse
2296 2844 2471 2903 eum,
2517 2823 2630 2904 qui

481 2948 799 2990 summam
863 2929 1250 3008 potestatem
1315 2925 1612 3008 haberet,
1673 2928 1748 2989 ut
1808 2926 2245 3010 decernerent3
2302 2927 2628 2991 decretum

480 3033 572 3097 ita
639 3053 804 3115 esse,
866 3035 941 3096 ut
1004 3033 1211 3096 multo
1276 3032 1423 3114 plus
1488 3031 1586 3094 illi
1648 3032 1934 3101 laudatio
2000 3033 2154 3097 mali
2220 3055 2412 3116 quam
2475 3035 2629 3099 boni

402 3157 453 3198 25
482 3144 702 3224 posset
748 3140 1011 3204 adferre.
1085 3137 1160 3202 Id
1207 3139 1396 3220 adeo,
1440 3137 1682 3202 iudices
1693 3188 1713 3221 ,
1757 3143 1831 3203 ut
1876 3138 2038 3203 mihi
2084 3140 2165 3204 ab
2202 3140 2331 3204 illis
2370 3141 2627 3206 demon-

482 3250 754 3311 stratum
803 3251 928 3330 est,
974 3246 1066 3312 sic
1112 3268 1226 3311 vos
1275 3267 1355 3310 ex
1400 3268 1503 3310 me
1551 3246 1940 3332 cognoscite.

2670 2298 2769 2345 141

658 3351 793 3419 Der
873 3354 1004 3418 Rat
1092 3376 1209 3419 von
1292 3352 1574 3437 Syrakus
1669 3354 1957 3435 beschlofs
2051 3356 2153 3420 die
2241 3354 2628 3440 Aufhebuny
2668 3366 2768 3414 142

465 3462 638 3543 james
682 3460 1263 3527 Elcrenbaschlusses
1325 3462 1439 3543 fiir
1484 3461 1726 3539 Verres,
1790 3462 1935 3526 aber
1988 3464 2203 3528 dassen
2262 3462 2629 3546 ehemaliqer
2668 3437 2768 3557 ἒξ)

485 3569 750 3648 ῼαᾶείον
817 3569 1202 3650 protestierte
1271 3570 1405 3633 und
1485 3567 1837 3650 appellieoic
1909 3590 1996 3633 an
2068 3570 2187 3634 den
2250 3568 2627 3653 Statthalter,

398 3691 449 3731 ³0
477 3676 588 3740 der
640 3676 799 3740 auch
852 3677 952 3740 die
996 3674 1442 3758 Auslieferwny
1496 3677 1603 3740 des
1656 3675 2048 3741 Beschlusses
2101 3697 2189 3740 an
2237 3675 2445 3742 Cicero
2499 3699 2628 3742 ver-

476 3780 780 3862 hinderte,
839 3784 949 3847 der
1007 3782 1202 3848 durch
1260 3784 1361 3849 die
1398 3781 1801 3864 Appellation
1858 3783 1994 3848 null
2050 3784 2186 3848 und
2241 3783 2475 3867 nicktiq
2528 3806 2626 3867 ye-

477 3890 728 3954 worden
772 3889 878 3952 sei.

655 3995 1005 4083 Laudent
1078 3998 1151 4061 te
1217 3996 1345 4060 iam
1411 4018 1562 4061 sane
1629 3996 2092 4081 Mamertini,
2168 3999 2472 4082 quoniam
2547 4020 2626 4061 ex
2665 4004 2766 4056 150

479 4104 617 4165 tota
662 4103 995 4185 provincia
1042 4103 1165 4167 soli
1211 4108 1390 4187 sunt,
1438 4104 1549 4187 qui
1596 4107 1661 4168 te
1708 4106 1957 4169 salvum
1994 4105 2225 4188 velint,
2270 4105 2363 4168 ita
2406 4106 2625 4167 tamen

403 4224 454 4264 8⁵
480 4207 772 4292 laudent,
841 4214 916 4274 ut
978 4209 1210 4293 Heius,
1285 4211 1398 4294 qui
1467 4211 1764 4294 princeps
1837 4212 2178 4297 legationis
2244 4214 2369 4292 est,
2441 4208 2626 4289 adsit,
