3175 4800
596 418 683 481 34
1250 414 1344 467 III.
1382 414 1466 467 De
1505 414 1697 484 signis.
1757 413 2084 483 (Auswahl.)

594 578 752 644 tiam
815 577 1207 663 singularem
1266 581 1331 641 et
1389 576 1673 642 furorem
1734 577 1891 661 iam,
1947 599 2080 641 non
2140 576 2558 660 cupiditatem
2606 578 2742 642 eius

592 685 952 769 perspicere
998 684 1278 768 possitis.
1350 683 1785 749 Melitensis
1824 684 2209 749 Diodorus
2258 687 2383 767 est,
2419 685 2531 768 qui
2572 684 2743 768 apud

592 814 709 856 vos
770 796 958 856 antea
1015 789 1458 856 testimonium
1522 791 1700 856 dixit.
1792 790 1854 855 Is
1901 790 2256 875 Lilybaei
2314 792 2553 856 multos
2609 791 2737 856 iam

593 884 794 963 annos
841 898 1175 980 habitat,
1219 897 1415 964 homo
1464 901 1529 962 et
1576 898 1751 962 domi
1796 897 2032 962 nobilis
2080 901 2145 962 et
2191 898 2362 982 apud
2418 919 2554 980 eos,
2610 919 2737 980 quo

593 1027 662 1069 se
709 1006 1011 1088 contulit,
1054 1008 1319 1087 propter
1362 1005 1668 1069 virtutem
1716 1005 2085 1088 splendidus
2133 1008 2198 1069 et
2243 1005 2579 1089 gratiosus.
2645 1003 2742 1068 De
2773 1026 2799 1067 5

591 1112 718 1177 hoc
755 1111 944 1176 Verri
1004 1111 1239 1176 dicitur
1295 1112 1532 1176 habere
1594 1134 1741 1175 eum
1787 1113 2125 1194 perbona
2169 1114 2629 1195 toreumata3
2674 1111 2742 1175 in

592 1217 694 1283 his
739 1220 974 1301 pocula
1012 1218 1354 1302 quaedam,
1397 1239 1559 1301 quae
1598 1218 1918 1283 Thericlia
1953 1219 2397 1301 nominantur,
2432 1218 2743 1283 Mentoris

594 1347 790 1388 manu
851 1347 1102 1389 summo
1161 1325 1433 1389 artificio
1490 1325 1678 1389 facta.
1773 1324 1960 1400 Quod
2004 1326 2127 1389 iste
2172 1325 2287 1389 ubi
2333 1324 2606 1407 audivit,
2652 1324 2743 1389 sic

490 1493 495 1497 ,
592 1432 944 1514 cupiditate
991 1432 1426 1497 inflammatus
1475 1436 1572 1496 est
1617 1453 1752 1496 non
1798 1414 2008 1496 solum
2068 1431 2477 1515 inspiciendi,
2520 1450 2770 1496 verum·

595 1538 789 1602 etiam
809 1553 819 1560 ·
836 1539 1194 1623 auferendi,
1239 1543 1314 1603 1113
1360 1538 1720 1611 Diodorum
1767 1539 1847 1603 ad
1894 1561 1961 1604 se
2008 1543 2267 1604 vocaret
2313 1560 2387 1603 ac
2433 1543 2742 1623 posceret.
2773 1559 2826 1599 ιο

592 1643 739 1728 Ille,
799 1645 911 1728 qui
968 1646 1081 1710 illa
1139 1668 1274 1711 non
1331 1646 1573 1711 invitus
1620 1647 1916 1730 haberet,
1959 1646 2293 1730 respondit
2336 1645 2630 1730 Lilybaei
2676 1667 2743 1710 se

594 1772 728 1815 non
786 1751 1051 1836 habere,
1109 1751 1368 1818 Melitae
1433 1755 1601 1837 apud
1669 1753 1989 1837 quendam
2053 1753 2488 1837 propinquom
2554 1774 2742 1817 suum

488 1872 557 1922 39
594 1858 948 1942 reliquisse.
1059 1859 1226 1924 Tum
1310 1859 1431 1924 iste
1507 1860 1813 1924 continuo
1890 1860 2096 1923 mittit
2165 1859 2460 1924 homines
2536 1863 2741 1925 certos

594 1963 914 2048 Melitam,
959 1966 1183 2030 scribit
1229 1968 1309 2031 ad
1357 1967 1671 2050 quosdam
1717 1966 2115 2048 Melitenses,
2169 1970 2244 2029 ut
2290 1988 2364 2029 ea
2407 1988 2562 2030 vasa
2605 1989 2744 2050 per-

597 2070 882 2156 quirant,
925 2078 1115 2160 rogat
1159 2073 1548 2157 Diodorum,
1593 2077 1668 2137 1113
1714 2075 1794 2137 ad
1840 2074 2026 2136 illum
2072 2072 2507 2155 propinquom
2555 2095 2743 2137 suum
2774 2091 2826 2132 15

596 2180 707 2243 det
748 2180 1025 2265 litteras3
1069 2181 1235 2244 nihil
1281 2181 1339 2245 ei
1384 2180 1642 2267 longius
1689 2181 2058 2263 videbatur,
2116 2201 2308 2263 quam
2370 2179 2523 2244 dum
2585 2180 2745 2244 illud

595 2286 841 2351 videret
887 2291 1243 2372 argentum.
1316 2286 1671 2370 Diodorus,
1714 2287 1911 2351 homo
1958 2286 2132 2372 frugi
2178 2307 2251 2350 ac
2298 2285 2597 2370 diligens,
2635 2284 2746 2367 qui

597 2415 713 2458 sua
758 2416 1009 2459 servare
1055 2394 1277 2476 vellet,
1337 2392 1417 2456 ad
1463 2393 1899 2477 propinquom
1959 2415 2148 2457 suum
2209 2391 2457 2472 scribit,
2513 2392 2590 2452 ut
2636 2388 2745 2470 eiS,

596 2501 710 2585 qui
773 2525 811 2565 a
857 2499 1057 2566 Verre
1121 2500 1472 2582 venissent,
1541 2500 1958 2581 responderet
2029 2499 2192 2562 illud
2265 2497 2603 2580 argentum
2676 2515 2744 2557 se

595 2607 816 2690 paucis
876 2607 1007 2670 illis
1069 2606 1292 2670 diebus
1353 2604 1605 2668 misisse
1664 2604 2062 2689 Lilybaeum.
2153 2600 2301 2685 Ipse
2361 2602 2606 2665 interea
2648 2623 2744 2665 re·
2772 2621 2826 2661 20

597 2713 792 2797 cedit3
867 2713 1087 2776 abesse
1152 2734 1190 2774 a
1254 2711 1445 2774 domo
1512 2711 1841 2794 paulisper
1902 2709 2134 2774 maluit
2189 2730 2381 2793 quam
2443 2729 2742 2792 praesens

595 2819 757 2883 illud
820 2817 1063 2901 optime
1121 2818 1367 2881 factum
1428 2822 1766 2902 argentum
1829 2816 2140 2881 amittere.
2232 2815 2420 2892 Quod
2465 2815 2580 2879 ubi
2624 2814 2745 2880 iste

596 2923 871 3009 audivit,
915 2945 1121 3008 usque
1167 2946 1242 2989 eo
1292 2927 1652 2989 commotus
1701 2928 1825 3008 est,
1869 2927 1944 2988 ut
1987 2922 2127 2988 sine
2173 2924 2308 2987 ulla
2345 2922 2745 2987 dubitatione

595 3031 876 3097 insanire
923 3032 1223 3098 omnibus
1268 3053 1346 3096 ac
1388 3032 1600 3096 furere
1646 3031 1986 3095 videretur.
2062 3029 2228 3106 Quia
2270 3051 2404 3094 non
2447 3032 2747 3113 potuerat

595 3139 838 3222 eripere
885 3144 1225 3226 argentum
1271 3139 1436 3222 ipse,
1482 3161 1519 3201 a
1554 3137 1841 3201 Diodoro
1891 3140 2109 3220 erepta
2155 3136 2279 3200 sibi
2315 3157 2468 3200 vasa
2505 3136 2746 3219 optime
2774 3154 2827 3195 25

594 3246 770 3311 facta
815 3247 1095 3330 dicebat3
1140 3244 1426 3309 minitari
1472 3243 1724 3308 absenti
1768 3242 2085 3326 Diodoro,
2129 3242 2467 3307 vociferari
2512 3242 2746 3325 palam,

597 3352 894 3417 lacrimas
941 3352 1264 3416 interdum
1310 3349 1421 3414 vix
1468 3353 1703 3414 tenere.
1794 3349 2250 3433 Eriphylam
2310 3348 2743 3432 accepimuss

598 3460 677 3523 in
720 3458 1010 3524 fabulis
1058 3481 1142 3523 ea
1188 3457 1646 3542 cupiditate,
1691 3460 1804 3540 ut,
1851 3478 1997 3522 cum
2043 3456 2308 3521 vidisset
2352 3454 2619 3536 monile,
2672 3458 2747 3517 ut

598 3567 860 3650 opinor,
919 3589 997 3631 ex
1056 3587 1210 3629 auro
1272 3568 1338 3629 et
1396 3564 1697 3649 gemmis,
1760 3563 2239 3649 pulchritudine
2299 3562 2436 3626 eius
2487 3560 2747 3625 incensa

598 3675 927 3738 salutem
986 3672 1136 3737 viri
1194 3671 1572 3756 proderet.
1675 3669 1969 3736 Similis
2034 3670 2264 3735 istius
2331 3668 2829 3753 cupiditas‚⁸o

599 3780 726 3844 hoc
786 3779 981 3845 etiam
1041 3779 1248 3842 acrior
1306 3782 1500 3860 atque
1558 3778 1873 3862 insanior,
1931 3777 2104 3861 quod
2158 3777 2272 3840 illa
2318 3775 2619 3859 cupiebat
2662 3773 2747 3856 id,

599 3886 777 3969 quod
812 3885 1086 3969 viderat,
1128 3884 1320 3949 huius
1357 3884 1679 3949 lubidines
1715 3906 1849 3948 non
1885 3886 2097 3949 solum
2135 3883 2367 3966 oculis,
2405 3883 2515 3947 sed
2552 3881 2746 3945 etiam

603 3992 863 4057 auribus
912 3992 1373 4057 excitabantur.

492 4115 564 4166 4ο
782 4098 1089 4183 Conquiri
1146 4098 1505 4162 Diodorum
1577 4101 1718 4162 tota
1789 4096 2121 4181 provincia
2190 4095 2389 4160 iubet.
2477 4093 2597 4159 Ille
2669 4116 2750 4157 ex

604 4205 824 4273 Sicilia
866 4206 997 4271 iam
1044 4207 1251 4270 castra
1297 4207 1732 4270 commoverat
1778 4207 1842 4269 et
1878 4224 2032 4267 vasa
2077 4204 2439 4288 collegerat.
2511 4199 2749 4283 Homo,
2776 4220 2829 4261 ³⁶
