<?xml version="1.0" encoding="UTF-8"?>
<!DOCTYPE html PUBLIC "-//W3C//DTD XHTML 1.0 Transitional//EN"
    "http://www.w3.org/TR/xhtml1/DTD/xhtml1-transitional.dtd">
<html xmlns="http://www.w3.org/1999/xhtml" xml:lang="en" lang="en">
 <head>
  <title>
</title>
<meta http-equiv="Content-Type" content="text/html;charset=utf-8" />
  <meta name='ocr-system' content='tesseract 3.04.00' />
  <meta name='ocr-capabilities' content='ocr_page ocr_carea ocr_par ocr_line ocrx_word'/>
</head>
<body>
  <div class='ocr_page' id='page_1' title='image "./cicerosverrinen00bardgoog_0092.png"; bbox 0 0 3175 4800; ppageno 0'>
   <div class='ocr_carea' id='block_1_1' title="bbox 418 1258 484 1305">
    <p class='ocr_par' dir='ltr' id='par_1_1' title="bbox 418 1258 484 1305">
     <span class='ocr_line' id='line_1_1' title="bbox 418 1258 484 1305; baseline 0 0"><span class='ocrx_word' id='word_1_1' title='bbox 418 1258 484 1305; x_wconf 90' lang='grc'>22</span> 
     </span>
    </p>
   </div>
   <div class='ocr_carea' id='block_1_2' title="bbox 419 3073 486 3122">
    <p class='ocr_par' dir='ltr' id='par_1_2' title="bbox 419 3073 486 3122">
     <span class='ocr_line' id='line_1_2' title="bbox 419 3073 486 3122; baseline -0.015 0"><span class='ocrx_word' id='word_1_2' title='bbox 419 3073 486 3122; x_wconf 83' lang='grc'>23</span> 
     </span>
    </p>
   </div>
   <div class='ocr_carea' id='block_1_3' title="bbox 529 327 2077 402">
    <p class='ocr_par' dir='ltr' id='par_1_3' title="bbox 529 327 2077 402">
     <span class='ocr_line' id='line_1_3' title="bbox 529 327 2077 402; baseline 0.001 -22"><span class='ocrx_word' id='word_1_3' title='bbox 529 333 563 396; x_wconf 81' lang='lat'><strong>7</strong></span> <span class='ocrx_word' id='word_1_4' title='bbox 572 332 610 394; x_wconf 85' lang='lat'>8</span> <span class='ocrx_word' id='word_1_5' title='bbox 1122 328 1215 381; x_wconf 89' lang='lat' dir='ltr'>IV.</span> <span class='ocrx_word' id='word_1_6' title='bbox 1255 327 1338 380; x_wconf 93' lang='lat' dir='ltr'>De</span> <span class='ocrx_word' id='word_1_7' title='bbox 1377 327 1687 396; x_wconf 63' lang='lat' dir='ltr'>suppliciis</span> <span class='ocrx_word' id='word_1_8' title='bbox 1747 328 2077 402; x_wconf 74' lang='lat' dir='ltr'>(Auswahl.)</span> 
     </span>
    </p>
   </div>
   <div class='ocr_carea' id='block_1_4' title="bbox 526 487 2675 896">
    <p class='ocr_par' dir='ltr' id='par_1_4' title="bbox 526 487 2675 896">
     <span class='ocr_line' id='line_1_4' title="bbox 527 487 2674 578; baseline 0 -22"><span class='ocrx_word' id='word_1_9' title='bbox 527 490 705 578; x_wconf 89' lang='lat' dir='ltr'>(nam</span> <span class='ocrx_word' id='word_1_10' title='bbox 751 494 886 555; x_wconf 94' lang='lat' dir='ltr'>tam</span> <span class='ocrx_word' id='word_1_11' title='bbox 934 490 1045 555; x_wconf 92' lang='lat' dir='ltr'>diu</span> <span class='ocrx_word' id='word_1_12' title='bbox 1090 491 1216 556; x_wconf 89' lang='lat' dir='ltr'>fuit</span> <span class='ocrx_word' id='word_1_13' title='bbox 1260 489 1651 575; x_wconf 81' lang='lat' dir='ltr'>Apollonius</span> <span class='ocrx_word' id='word_1_14' title='bbox 1700 491 1767 554; x_wconf 92' lang='lat' dir='ltr'>in</span> <span class='ocrx_word' id='word_1_15' title='bbox 1815 487 2122 576; x_wconf 89' lang='lat' dir='ltr'>carcere),</span> <span class='ocrx_word' id='word_1_16' title='bbox 2180 492 2419 556; x_wconf 90' lang='lat' dir='ltr'>totiens</span> <span class='ocrx_word' id='word_1_17' title='bbox 2468 493 2554 556; x_wconf 96' lang='lat' dir='ltr'>ad</span> <span class='ocrx_word' id='word_1_18' title='bbox 2600 497 2674 556; x_wconf 91' lang='lat' dir='ltr'>te</span> 
     </span>
     <span class='ocr_line' id='line_1_5' title="bbox 526 597 2674 685; baseline -0 -22"><span class='ocrx_word' id='word_1_19' title='bbox 526 603 873 663; x_wconf 89' lang='lat' dir='ltr'>senatum</span> <span class='ocrx_word' id='word_1_20' title='bbox 912 597 1490 662; x_wconf 73' lang='lat' dir='ltr'><strong>Panhormitanum</strong></span> <span class='ocrx_word' id='word_1_21' title='bbox 1530 597 1784 662; x_wconf 88' lang='lat' dir='ltr'>adisse</span> <span class='ocrx_word' id='word_1_22' title='bbox 1821 599 2249 683; x_wconf 76' lang='lat' dir='ltr'>supplicem</span> <span class='ocrx_word' id='word_1_23' title='bbox 2291 621 2437 664; x_wconf 90' lang='lat' dir='ltr'>cum</span> <span class='ocrx_word' id='word_1_24' title='bbox 2476 600 2674 685; x_wconf 85' lang='lat' dir='ltr'>magi-</span> 
     </span>
     <span class='ocr_line' id='line_1_6' title="bbox 526 695 2674 789; baseline 0 -19"><span class='ocrx_word' id='word_1_25' title='bbox 526 706 833 770; x_wconf 88' lang='lat' dir='ltr'>stratibus</span> <span class='ocrx_word' id='word_1_26' title='bbox 907 703 1475 785; x_wconf 78' lang='lat' dir='ltr'>sacerdotibusque</span> <span class='ocrx_word' id='word_1_27' title='bbox 1549 704 1829 788; x_wconf 82' lang='lat' dir='ltr'>publicis</span> <span class='ocrx_word' id='word_1_28' title='bbox 1913 709 2204 770; x_wconf 90' lang='lat' dir='ltr'>orantem</span> <span class='ocrx_word' id='word_1_29' title='bbox 2287 695 2482 789; x_wconf 90' lang='lat' dir='ltr'>atque</span> <span class='ocrx_word' id='word_1_30' title='bbox 2565 707 2674 771; x_wconf 93' lang='lat' dir='ltr'>ob-</span> 
     </span>
     <span class='ocr_line' id='line_1_7' title="bbox 527 811 2675 896; baseline -0.001 -18"><span class='ocrx_word' id='word_1_31' title='bbox 527 818 911 896; x_wconf 88' lang='lat' dir='ltr'>secrantem,</span> <span class='ocrx_word' id='word_1_32' title='bbox 967 815 1042 875; x_wconf 91' lang='lat' dir='ltr'>ut</span> <span class='ocrx_word' id='word_1_33' title='bbox 1100 811 1445 893; x_wconf 88' lang='lat' dir='ltr'>aliquando</span> <span class='ocrx_word' id='word_1_34' title='bbox 1494 812 1606 876; x_wconf 91' lang='lat' dir='ltr'>ille</span> <span class='ocrx_word' id='word_1_35' title='bbox 1662 812 1858 877; x_wconf 90' lang='lat' dir='ltr'>miser</span> <span class='ocrx_word' id='word_1_36' title='bbox 1903 817 2097 895; x_wconf 90' lang='lat' dir='ltr'>atque</span> <span class='ocrx_word' id='word_1_37' title='bbox 2152 813 2462 878; x_wconf 82' lang='lat' dir='ltr'>innocens</span> <span class='ocrx_word' id='word_1_38' title='bbox 2512 815 2675 877; x_wconf 92' lang='lat' dir='ltr'>cala-</span> 
     </span>
    </p>
   </div>
   <div class='ocr_carea' id='block_1_5' title="bbox 494 918 2734 1020">
    <p class='ocr_par' dir='ltr' id='par_1_5' title="bbox 494 918 2734 1020">
     <span class='ocr_line' id='line_1_8' title="bbox 494 918 2734 1020; baseline -0 -36"><span class='ocrx_word' id='word_1_39' title='bbox 494 921 747 1012; x_wconf 65' lang='lat' dir='ltr'>&gt;mitate</span> <span class='ocrx_word' id='word_1_40' title='bbox 806 920 919 983; x_wconf 85' lang='lat' dir='ltr'>illa</span> <span class='ocrx_word' id='word_1_41' title='bbox 976 920 1371 983; x_wconf 76' lang='lat' dir='ltr'>liberaretur.</span> <span class='ocrx_word' id='word_1_42' title='bbox 1483 918 1806 1003; x_wconf 88' lang='lat' dir='ltr'>Relinquo</span> <span class='ocrx_word' id='word_1_43' title='bbox 1866 920 2026 984; x_wconf 89' lang='lat' dir='ltr'>haec</span> <span class='ocrx_word' id='word_1_44' title='bbox 2085 921 2327 1006; x_wconf 84' lang='lat' dir='ltr'>omnia3</span> <span class='ocrx_word' id='word_1_45' title='bbox 2355 978 2360 982; x_wconf 87' lang='lat'>.</span> <span class='ocrx_word' id='word_1_46' title='bbox 2392 942 2555 1005; x_wconf 90' lang='lat' dir='ltr'>quae</span> <span class='ocrx_word' id='word_1_47' title='bbox 2621 921 2675 983; x_wconf 90' lang='lat' dir='ltr'>si</span> <span class='ocrx_word' id='word_1_48' title='bbox 2705 944 2734 1020; x_wconf 28' lang='lat'>5·</span> 
     </span>
    </p>
   </div>
   <div class='ocr_carea' id='block_1_6' title="bbox 522 1026 2759 4214">
    <p class='ocr_par' dir='ltr' id='par_1_6' title="bbox 522 1026 2759 4214">
     <span class='ocr_line' id='line_1_9' title="bbox 524 1026 2674 1111; baseline 0 -21"><span class='ocrx_word' id='word_1_49' title='bbox 524 1027 717 1091; x_wconf 85' lang='lat' dir='ltr'>velim</span> <span class='ocrx_word' id='word_1_50' title='bbox 771 1027 1098 1111; x_wconf 87' lang='lat' dir='ltr'>persequi,</span> <span class='ocrx_word' id='word_1_51' title='bbox 1150 1026 1339 1091; x_wconf 84' lang='lat' dir='ltr'>facile</span> <span class='ocrx_word' id='word_1_52' title='bbox 1397 1027 1733 1107; x_wconf 82' lang='lat' dir='ltr'>ostendam</span> <span class='ocrx_word' id='word_1_53' title='bbox 1788 1032 1902 1091; x_wconf 90' lang='lat' dir='ltr'>tua</span> <span class='ocrx_word' id='word_1_54' title='bbox 1958 1028 2334 1093; x_wconf 87' lang='lat' dir='ltr'>crudelitate</span> <span class='ocrx_word' id='word_1_55' title='bbox 2388 1028 2460 1103; x_wconf 87' lang='lat' dir='ltr'>in</span> <span class='ocrx_word' id='word_1_56' title='bbox 2516 1027 2674 1092; x_wconf 87' lang='lat' dir='ltr'>alios</span> 
     </span>
     <span class='ocr_line' id='line_1_10' title="bbox 525 1123 2675 1219; baseline 0 -21"><span class='ocrx_word' id='word_1_57' title='bbox 525 1155 745 1198; x_wconf 89' lang='lat' dir='ltr'>omnes</span> <span class='ocrx_word' id='word_1_58' title='bbox 792 1134 913 1199; x_wconf 90' lang='lat' dir='ltr'>tibi</span> <span class='ocrx_word' id='word_1_59' title='bbox 961 1133 1171 1198; x_wconf 88' lang='lat' dir='ltr'>aditus</span> <span class='ocrx_word' id='word_1_60' title='bbox 1220 1123 1695 1198; x_wconf 85' lang='lat' dir='ltr'>misericordiae</span> <span class='ocrx_word' id='word_1_61' title='bbox 1741 1134 2028 1216; x_wconf 91' lang='lat' dir='ltr'>iudicum</span> <span class='ocrx_word' id='word_1_62' title='bbox 2074 1136 2202 1199; x_wconf 91' lang='lat' dir='ltr'>iam</span> <span class='ocrx_word' id='word_1_63' title='bbox 2249 1135 2499 1219; x_wconf 89' lang='lat' dir='ltr'>pridem</span> <span class='ocrx_word' id='word_1_64' title='bbox 2539 1156 2675 1199; x_wconf 87' lang='lat' dir='ltr'>esse</span> 
     </span>
     <span class='ocr_line' id='line_1_11' title="bbox 523 1238 2675 1331; baseline 0 -26"><span class='ocrx_word' id='word_1_65' title='bbox 523 1242 909 1327; x_wconf 89' lang='lat' dir='ltr'>praeclusos.</span> <span class='ocrx_word' id='word_1_66' title='bbox 994 1238 1241 1331; x_wconf 67' lang='lat' dir='ltr'>Omnia⁴</span> <span class='ocrx_word' id='word_1_67' title='bbox 1272 1240 1394 1304; x_wconf 90' lang='lat' dir='ltr'>tibi</span> <span class='ocrx_word' id='word_1_68' title='bbox 1438 1240 1565 1303; x_wconf 90' lang='lat' dir='ltr'>ista</span> <span class='ocrx_word' id='word_1_69' title='bbox 1612 1241 1957 1305; x_wconf 85' lang='lat' dir='ltr'>concedam</span> <span class='ocrx_word' id='word_1_70' title='bbox 2006 1246 2070 1305; x_wconf 92' lang='lat' dir='ltr'>et</span> <span class='ocrx_word' id='word_1_71' title='bbox 2106 1243 2458 1326; x_wconf 85' lang='lat' dir='ltr'>remittam3</span> <span class='ocrx_word' id='word_1_72' title='bbox 2505 1264 2675 1327; x_wconf 85' lang='lat' dir='ltr'>pro-</span> 
     </span>
     <span class='ocr_line' id='line_1_12' title="bbox 524 1346 2674 1431; baseline 0.001 -21"><span class='ocrx_word' id='word_1_73' title='bbox 524 1348 744 1411; x_wconf 83' lang='lat' dir='ltr'>video</span> <span class='ocrx_word' id='word_1_74' title='bbox 807 1346 977 1410; x_wconf 85' lang='lat' dir='ltr'>enim</span> <span class='ocrx_word' id='word_1_75' title='bbox 1040 1346 1227 1431; x_wconf 92' lang='lat' dir='ltr'>quid</span> <span class='ocrx_word' id='word_1_76' title='bbox 1287 1346 1389 1410; x_wconf 90' lang='lat' dir='ltr'>sit</span> <span class='ocrx_word' id='word_1_77' title='bbox 1450 1346 1904 1431; x_wconf 84' lang='lat' dir='ltr'>defensurus</span> <span class='ocrx_word' id='word_1_78' title='bbox 1965 1346 2458 1431; x_wconf 83' lang='lat' dir='ltr'>Hortensius3</span> <span class='ocrx_word' id='word_1_79' title='bbox 2517 1349 2674 1412; x_wconf 86' lang='lat' dir='ltr'>fate-</span> 
     </span>
     <span class='ocr_line' id='line_1_13' title="bbox 524 1453 2755 1538; baseline 0 -21"><span class='ocrx_word' id='word_1_80' title='bbox 524 1453 700 1518; x_wconf 91' lang='lat' dir='ltr'>bitur</span> <span class='ocrx_word' id='word_1_81' title='bbox 758 1454 928 1537; x_wconf 92' lang='lat' dir='ltr'>apud</span> <span class='ocrx_word' id='word_1_82' title='bbox 986 1453 1186 1518; x_wconf 89' lang='lat' dir='ltr'>istum</span> <span class='ocrx_word' id='word_1_83' title='bbox 1249 1476 1460 1538; x_wconf 87' lang='lat' dir='ltr'>neque</span> <span class='ocrx_word' id='word_1_84' title='bbox 1526 1458 1921 1519; x_wconf 86' lang='lat' dir='ltr'>senectutem</span> <span class='ocrx_word' id='word_1_85' title='bbox 1985 1454 2187 1537; x_wconf 90' lang='lat' dir='ltr'>patris</span> <span class='ocrx_word' id='word_1_86' title='bbox 2250 1476 2475 1538; x_wconf 78' lang='lat' dir='ltr'>neque</span> <span class='ocrx_word' id='word_1_87' title='bbox 2524 1454 2674 1537; x_wconf 92' lang='lat' dir='ltr'>adu-</span> <span class='ocrx_word' id='word_1_88' title='bbox 2704 1478 2755 1517; x_wconf 90' lang='lat'>10</span> 
     </span>
     <span class='ocr_line' id='line_1_14' title="bbox 522 1560 2675 1645; baseline 0 -21"><span class='ocrx_word' id='word_1_89' title='bbox 522 1560 896 1626; x_wconf 86' lang='lat' dir='ltr'>lescentiam</span> <span class='ocrx_word' id='word_1_90' title='bbox 969 1560 1092 1625; x_wconf 89' lang='lat' dir='ltr'>filii</span> <span class='ocrx_word' id='word_1_91' title='bbox 1153 1583 1385 1645; x_wconf 86' lang='lat' dir='ltr'>neque.</span> <span class='ocrx_word' id='word_1_92' title='bbox 1425 1561 1722 1626; x_wconf 84' lang='lat' dir='ltr'>lacrimas</span> <span class='ocrx_word' id='word_1_93' title='bbox 1786 1562 2123 1645; x_wconf 89' lang='lat' dir='ltr'>utriusque</span> <span class='ocrx_word' id='word_1_94' title='bbox 2187 1563 2333 1645; x_wconf 89' lang='lat' dir='ltr'>plus</span> <span class='ocrx_word' id='word_1_95' title='bbox 2397 1561 2675 1626; x_wconf 84' lang='lat' dir='ltr'>valuisse</span> 
     </span>
     <span class='ocr_line' id='line_1_15' title="bbox 526 1652 2753 1754; baseline -0.001 -21"><span class='ocrx_word' id='word_1_96' title='bbox 526 1690 718 1751; x_wconf 92' lang='lat' dir='ltr'>quam</span> <span class='ocrx_word' id='word_1_97' title='bbox 765 1669 1117 1746; x_wconf 88' lang='lat' dir='ltr'>utilitatem·</span> <span class='ocrx_word' id='word_1_98' title='bbox 1159 1669 1565 1754; x_wconf 76' lang='lat' dir='ltr'>salutemque</span> <span class='ocrx_word' id='word_1_99' title='bbox 1611 1668 2007 1754; x_wconf 80' lang='lat' dir='ltr'>provinciae3</span> <span class='ocrx_word' id='word_1_100' title='bbox 2063 1668 2232 1734; x_wconf 88' lang='lat' dir='ltr'>dicet</span> <span class='ocrx_word' id='word_1_101' title='bbox 2285 1690 2421 1732; x_wconf 89' lang='lat' dir='ltr'>rem</span> <span class='ocrx_word' id='word_1_102' title='bbox 2467 1667 2678 1751; x_wconf 90' lang='lat' dir='ltr'>publi·</span> <span class='ocrx_word' id='word_1_103' title='bbox 2735 1652 2753 1663; x_wconf 36' lang='lat'>&#39;¹</span> 
     </span>
     <span class='ocr_line' id='line_1_16' title="bbox 527 1758 2677 1859; baseline -0 -20"><span class='ocrx_word' id='word_1_104' title='bbox 527 1795 667 1839; x_wconf 91' lang='lat' dir='ltr'>cam</span> <span class='ocrx_word' id='word_1_105' title='bbox 742 1758 1176 1839; x_wconf 75' lang='lat' dir='ltr'>administrari</span> <span class='ocrx_word' id='word_1_106' title='bbox 1249 1775 1386 1840; x_wconf 89' lang='lat' dir='ltr'>sine</span> <span class='ocrx_word' id='word_1_107' title='bbox 1460 1779 1639 1839; x_wconf 91' lang='lat' dir='ltr'>metu</span> <span class='ocrx_word' id='word_1_108' title='bbox 1713 1797 1787 1840; x_wconf 92' lang='lat' dir='ltr'>ac</span> <span class='ocrx_word' id='word_1_109' title='bbox 1862 1776 2202 1840; x_wconf 85' lang='lat' dir='ltr'>severitate</span> <span class='ocrx_word' id='word_1_110' title='bbox 2264 1797 2397 1839; x_wconf 89' lang='lat' dir='ltr'>non</span> <span class='ocrx_word' id='word_1_111' title='bbox 2461 1796 2677 1859; x_wconf 83' lang='lat' dir='ltr'>posse3</span> 
     </span>
     <span class='ocr_line' id='line_1_17' title="bbox 526 1882 2679 1967; baseline 0.001 -23"><span class='ocrx_word' id='word_1_112' title='bbox 526 1887 815 1966; x_wconf 82' lang='lat' dir='ltr'>quaeret,</span> <span class='ocrx_word' id='word_1_113' title='bbox 876 1904 1069 1965; x_wconf 92' lang='lat' dir='ltr'>quam</span> <span class='ocrx_word' id='word_1_114' title='bbox 1133 1882 1215 1946; x_wconf 95' lang='lat' dir='ltr'>ob</span> <span class='ocrx_word' id='word_1_115' title='bbox 1276 1904 1413 1946; x_wconf 89' lang='lat' dir='ltr'>rem</span> <span class='ocrx_word' id='word_1_116' title='bbox 1478 1882 1683 1946; x_wconf 88' lang='lat' dir='ltr'>fasces</span> <span class='ocrx_word' id='word_1_117' title='bbox 1747 1883 2152 1966; x_wconf 90' lang='lat' dir='ltr'>praetoribus</span> <span class='ocrx_word' id='word_1_118' title='bbox 2217 1883 2679 1967; x_wconf 84' lang='lat' dir='ltr'>praeferantur,</span> 
     </span>
     <span class='ocr_line' id='line_1_18' title="bbox 526 1989 2757 2074; baseline -0.001 -22"><span class='ocrx_word' id='word_1_119' title='bbox 526 2009 640 2053; x_wconf 92' lang='lat' dir='ltr'>cur</span> <span class='ocrx_word' id='word_1_120' title='bbox 677 2009 932 2053; x_wconf 88' lang='lat' dir='ltr'>secures·</span> <span class='ocrx_word' id='word_1_121' title='bbox 967 1989 1180 2072; x_wconf 90' lang='lat' dir='ltr'>datae,</span> <span class='ocrx_word' id='word_1_122' title='bbox 1227 2011 1342 2053; x_wconf 91' lang='lat' dir='ltr'>cur</span> <span class='ocrx_word' id='word_1_123' title='bbox 1379 2010 1595 2053; x_wconf 88' lang='lat' dir='ltr'>carcer</span> <span class='ocrx_word' id='word_1_124' title='bbox 1633 1989 2034 2072; x_wconf 89' lang='lat' dir='ltr'>aedificatus,</span> <span class='ocrx_word' id='word_1_125' title='bbox 2073 2010 2188 2053; x_wconf 95' lang='lat' dir='ltr'>cur</span> <span class='ocrx_word' id='word_1_126' title='bbox 2223 1993 2324 2054; x_wconf 92' lang='lat' dir='ltr'>tot</span> <span class='ocrx_word' id='word_1_127' title='bbox 2360 1990 2678 2074; x_wconf 87' lang='lat' dir='ltr'>supplicia</span> <span class='ocrx_word' id='word_1_128' title='bbox 2707 2010 2757 2050; x_wconf 85' lang='lat'>15</span> 
     </span>
     <span class='ocr_line' id='line_1_19' title="bbox 526 2095 2675 2182; baseline -0 -22"><span class='ocrx_word' id='word_1_129' title='bbox 526 2096 656 2160; x_wconf 86' lang='lat' dir='ltr'>sint</span> <span class='ocrx_word' id='word_1_130' title='bbox 713 2096 783 2159; x_wconf 88' lang='lat' dir='ltr'>in</span> <span class='ocrx_word' id='word_1_131' title='bbox 839 2096 1170 2182; x_wconf 90' lang='lat' dir='ltr'>improbos</span> <span class='ocrx_word' id='word_1_132' title='bbox 1237 2119 1415 2161; x_wconf 89' lang='lat' dir='ltr'>more</span> <span class='ocrx_word' id='word_1_133' title='bbox 1475 2097 1793 2160; x_wconf 84' lang='lat' dir='ltr'>maiorum</span> <span class='ocrx_word' id='word_1_134' title='bbox 1842 2095 2213 2161; x_wconf 76' lang='lat' dir='ltr'>constituta.</span> <span class='ocrx_word' id='word_1_135' title='bbox 2306 2095 2484 2172; x_wconf 84' lang='lat' dir='ltr'>Quae</span> <span class='ocrx_word' id='word_1_136' title='bbox 2531 2118 2675 2179; x_wconf 87' lang='lat' dir='ltr'>cum</span> 
     </span>
     <span class='ocr_line' id='line_1_20' title="bbox 526 2199 2679 2288; baseline 0.001 -22"><span class='ocrx_word' id='word_1_137' title='bbox 526 2203 742 2267; x_wconf 88' lang='lat' dir='ltr'>omnia</span> <span class='ocrx_word' id='word_1_138' title='bbox 800 2203 1083 2288; x_wconf 85' lang='lat' dir='ltr'>graviter</span> <span class='ocrx_word' id='word_1_139' title='bbox 1141 2226 1485 2288; x_wconf 85' lang='lat' dir='ltr'>severeque</span> <span class='ocrx_word' id='word_1_140' title='bbox 1546 2199 1806 2287; x_wconf 59' lang='lat' dir='ltr'>dixerit,</span> <span class='ocrx_word' id='word_1_141' title='bbox 1866 2225 2251 2287; x_wconf 88' lang='lat' dir='ltr'>quaeram,</span> <span class='ocrx_word' id='word_1_142' title='bbox 2318 2225 2448 2268; x_wconf 90' lang='lat' dir='ltr'>cur</span> <span class='ocrx_word' id='word_1_143' title='bbox 2505 2204 2679 2269; x_wconf 89' lang='lat' dir='ltr'>hunc</span> 
     </span>
     <span class='ocr_line' id='line_1_21' title="bbox 525 2307 2679 2394; baseline 0.001 -21"><span class='ocrx_word' id='word_1_144' title='bbox 525 2309 798 2373; x_wconf 88' lang='lat' dir='ltr'>eundem</span> <span class='ocrx_word' id='word_1_145' title='bbox 871 2307 1374 2393; x_wconf 90' lang='lat' dir='ltr'>Apollonium</span> <span class='ocrx_word' id='word_1_146' title='bbox 1439 2310 1708 2374; x_wconf 88' lang='lat' dir='ltr'>Verres</span> <span class='ocrx_word' id='word_1_147' title='bbox 1781 2310 1951 2374; x_wconf 92' lang='lat' dir='ltr'>idem</span> <span class='ocrx_word' id='word_1_148' title='bbox 2024 2314 2288 2394; x_wconf 89' lang='lat' dir='ltr'>repente</span> <span class='ocrx_word' id='word_1_149' title='bbox 2358 2312 2539 2374; x_wconf 88' lang='lat' dir='ltr'>nulla</span> <span class='ocrx_word' id='word_1_150' title='bbox 2610 2334 2679 2375; x_wconf 90' lang='lat' dir='ltr'>re</span> 
     </span>
     <span class='ocr_line' id='line_1_22' title="bbox 524 2418 2677 2501; baseline 0.001 -21"><span class='ocrx_word' id='word_1_151' title='bbox 524 2439 693 2480; x_wconf 87' lang='lat' dir='ltr'>nova</span> <span class='ocrx_word' id='word_1_152' title='bbox 757 2418 979 2500; x_wconf 91' lang='lat' dir='ltr'>allata,</span> <span class='ocrx_word' id='word_1_153' title='bbox 1041 2418 1221 2481; x_wconf 89' lang='lat' dir='ltr'>nulla</span> <span class='ocrx_word' id='word_1_154' title='bbox 1287 2418 1683 2501; x_wconf 88' lang='lat' dir='ltr'>defensione,</span> <span class='ocrx_word' id='word_1_155' title='bbox 1757 2418 1893 2482; x_wconf 87' lang='lat' dir='ltr'>sine</span> <span class='ocrx_word' id='word_1_156' title='bbox 1968 2440 2159 2483; x_wconf 88' lang='lat' dir='ltr'>causa</span> <span class='ocrx_word' id='word_1_157' title='bbox 2224 2419 2310 2482; x_wconf 97' lang='lat' dir='ltr'>de</span> <span class='ocrx_word' id='word_1_158' title='bbox 2376 2436 2677 2482; x_wconf 91' lang='lat' dir='ltr'>carcere</span> 
     </span>
     <span class='ocr_line' id='line_1_23' title="bbox 526 2512 2759 2608; baseline -0 -21"><span class='ocrx_word' id='word_1_159' title='bbox 526 2524 783 2588; x_wconf 90' lang='lat' dir='ltr'>emitti</span> <span class='ocrx_word' id='word_1_160' title='bbox 838 2524 1190 2607; x_wconf 83' lang='lat' dir='ltr'>iusserit3</span> <span class='ocrx_word' id='word_1_161' title='bbox 1245 2529 1629 2608; x_wconf 89' lang='lat' dir='ltr'>tantumque</span> <span class='ocrx_word' id='word_1_162' title='bbox 1684 2525 1754 2587; x_wconf 89' lang='lat' dir='ltr'>in</span> <span class='ocrx_word' id='word_1_163' title='bbox 1807 2524 1933 2588; x_wconf 89' lang='lat' dir='ltr'>hoc</span> <span class='ocrx_word' id='word_1_164' title='bbox 1981 2525 2244 2588; x_wconf 88' lang='lat' dir='ltr'>crimine</span> <span class='ocrx_word' id='word_1_165' title='bbox 2293 2512 2675 2608; x_wconf 85' lang='lat' dir='ltr'>suspicionis</span> <span class='ocrx_word' id='word_1_166' title='bbox 2706 2547 2759 2586; x_wconf 82' lang='lat'>20</span> 
     </span>
     <span class='ocr_line' id='line_1_24' title="bbox 526 2631 2678 2717; baseline 0.002 -24"><span class='ocrx_word' id='word_1_167' title='bbox 526 2650 662 2694; x_wconf 91' lang='lat' dir='ltr'>esse</span> <span class='ocrx_word' id='word_1_168' title='bbox 710 2631 1092 2713; x_wconf 89' lang='lat' dir='ltr'>adfirmabo,</span> <span class='ocrx_word' id='word_1_169' title='bbox 1137 2635 1213 2695; x_wconf 93' lang='lat' dir='ltr'>ut</span> <span class='ocrx_word' id='word_1_170' title='bbox 1256 2631 1386 2695; x_wconf 87' lang='lat' dir='ltr'>iam</span> <span class='ocrx_word' id='word_1_171' title='bbox 1432 2631 1591 2714; x_wconf 89' lang='lat' dir='ltr'>ipsis</span> <span class='ocrx_word' id='word_1_172' title='bbox 1630 2631 1949 2695; x_wconf 91' lang='lat' dir='ltr'>iudicibus</span> <span class='ocrx_word' id='word_1_173' title='bbox 1989 2631 2125 2695; x_wconf 89' lang='lat' dir='ltr'>sine</span> <span class='ocrx_word' id='word_1_174' title='bbox 2162 2654 2306 2695; x_wconf 93' lang='lat' dir='ltr'>mea</span> <span class='ocrx_word' id='word_1_175' title='bbox 2343 2653 2678 2717; x_wconf 83' lang='lat' dir='ltr'>argumen—</span> 
     </span>
     <span class='ocr_line' id='line_1_25' title="bbox 524 2736 2675 2825; baseline 0.001 -24"><span class='ocrx_word' id='word_1_176' title='bbox 524 2736 768 2802; x_wconf 87' lang='lat' dir='ltr'>tatione</span> <span class='ocrx_word' id='word_1_177' title='bbox 834 2737 1268 2803; x_wconf 86' lang='lat' dir='ltr'>coniecturam</span> <span class='ocrx_word' id='word_1_178' title='bbox 1323 2738 1532 2803; x_wconf 79' lang='lat' dir='ltr'>facere</span> <span class='ocrx_word' id='word_1_179' title='bbox 1587 2738 1990 2824; x_wconf 89' lang='lat' dir='ltr'>permittam,</span> <span class='ocrx_word' id='word_1_180' title='bbox 2065 2738 2237 2821; x_wconf 93' lang='lat' dir='ltr'>quod</span> <span class='ocrx_word' id='word_1_181' title='bbox 2292 2739 2419 2803; x_wconf 89' lang='lat' dir='ltr'>hoc</span> <span class='ocrx_word' id='word_1_182' title='bbox 2473 2760 2675 2825; x_wconf 85' lang='lat' dir='ltr'>genus</span> 
     </span>
     <span class='ocr_line' id='line_1_26' title="bbox 524 2840 2677 2930; baseline -0 -22"><span class='ocrx_word' id='word_1_183' title='bbox 524 2844 900 2928; x_wconf 87' lang='lat' dir='ltr'>praedandi,</span> <span class='ocrx_word' id='word_1_184' title='bbox 947 2866 1140 2928; x_wconf 87' lang='lat' dir='ltr'>quam</span> <span class='ocrx_word' id='word_1_185' title='bbox 1187 2840 1564 2928; x_wconf 87' lang='lat' dir='ltr'>inprobum,</span> <span class='ocrx_word' id='word_1_186' title='bbox 1620 2867 1813 2929; x_wconf 87' lang='lat' dir='ltr'>quam</span> <span class='ocrx_word' id='word_1_187' title='bbox 1859 2844 2199 2930; x_wconf 84' lang='lat' dir='ltr'>indignum</span> <span class='ocrx_word' id='word_1_188' title='bbox 2239 2866 2561 2929; x_wconf 89' lang='lat' dir='ltr'>quamque</span> <span class='ocrx_word' id='word_1_189' title='bbox 2599 2845 2677 2909; x_wconf 93' lang='lat' dir='ltr'>ad</span> 
     </span>
     <span class='ocr_line' id='line_1_27' title="bbox 528 2951 2677 3037; baseline 0 -21"><span class='ocrx_word' id='word_1_190' title='bbox 528 2951 1384 3037; x_wconf 84' lang='lat' dir='ltr'>magnitudinem-quaestus</span> <span class='ocrx_word' id='word_1_191' title='bbox 1414 2952 1781 3021; x_wconf 89' lang='lat' dir='ltr'>inmensum</span> <span class='ocrx_word' id='word_1_192' title='bbox 1818 2951 2274 3035; x_wconf 85' lang='lat' dir='ltr'>infinitumque</span> <span class='ocrx_word' id='word_1_193' title='bbox 2305 2972 2441 3016; x_wconf 86' lang='lat' dir='ltr'>esse</span> <span class='ocrx_word' id='word_1_194' title='bbox 2468 2952 2677 3016; x_wconf 84' lang='lat' dir='ltr'>videa-</span> 
     </span>
     <span class='ocr_line' id='line_1_28' title="bbox 524 3058 2757 3149; baseline -0.002 -26"><span class='ocrx_word' id='word_1_195' title='bbox 524 3063 648 3123; x_wconf 87' lang='lat' dir='ltr'>tur.</span> <span class='ocrx_word' id='word_1_196' title='bbox 738 3058 911 3123; x_wconf 89' lang='lat' dir='ltr'>Nam</span> <span class='ocrx_word' id='word_1_197' title='bbox 968 3081 1131 3149; x_wconf 86' lang='lat' dir='ltr'>quae</span> <span class='ocrx_word' id='word_1_198' title='bbox 1175 3060 1303 3124; x_wconf 89' lang='lat' dir='ltr'>iste</span> <span class='ocrx_word' id='word_1_199' title='bbox 1344 3059 1414 3123; x_wconf 87' lang='lat' dir='ltr'>in</span> <span class='ocrx_word' id='word_1_200' title='bbox 1460 3058 1811 3143; x_wconf 83' lang='lat' dir='ltr'>Apollonio</span> <span class='ocrx_word' id='word_1_201' title='bbox 1858 3059 2039 3142; x_wconf 85' lang='lat' dir='ltr'>fecit,</span> <span class='ocrx_word' id='word_1_202' title='bbox 2094 3081 2168 3122; x_wconf 90' lang='lat' dir='ltr'>ea</span> <span class='ocrx_word' id='word_1_203' title='bbox 2211 3058 2491 3141; x_wconf 90' lang='lat' dir='ltr'>primum</span> <span class='ocrx_word' id='word_1_204' title='bbox 2541 3059 2678 3122; x_wconf 91' lang='lat' dir='ltr'>bre·</span> <span class='ocrx_word' id='word_1_205' title='bbox 2706 3079 2757 3119; x_wconf 77' lang='lat'>25</span> 
     </span>
     <span class='ocr_line' id='line_1_29' title="bbox 526 3164 2677 3250; baseline 0.001 -22"><span class='ocrx_word' id='word_1_206' title='bbox 526 3165 693 3228; x_wconf 87' lang='lat' dir='ltr'>viter</span> <span class='ocrx_word' id='word_1_207' title='bbox 751 3165 1193 3250; x_wconf 86' lang='lat' dir='ltr'>recognoscite</span> <span class='ocrx_word' id='word_1_208' title='bbox 1255 3169 1414 3248; x_wconf 93' lang='lat' dir='ltr'>quot</span> <span class='ocrx_word' id='word_1_209' title='bbox 1477 3169 1540 3229; x_wconf 91' lang='lat' dir='ltr'>et</span> <span class='ocrx_word' id='word_1_210' title='bbox 1589 3169 1831 3248; x_wconf 90' lang='lat' dir='ltr'>quanta</span> <span class='ocrx_word' id='word_1_211' title='bbox 1877 3164 2034 3247; x_wconf 89' lang='lat' dir='ltr'>sint,</span> <span class='ocrx_word' id='word_1_212' title='bbox 2095 3164 2323 3229; x_wconf 87' lang='lat' dir='ltr'>deinde</span> <span class='ocrx_word' id='word_1_213' title='bbox 2367 3165 2527 3230; x_wconf 89' lang='lat' dir='ltr'>haec</span> <span class='ocrx_word' id='word_1_214' title='bbox 2574 3188 2677 3230; x_wconf 82' lang='lat' dir='ltr'>ex-</span> 
     </span>
     <span class='ocr_line' id='line_1_30' title="bbox 524 3271 2679 3356; baseline 0.001 -24"><span class='ocrx_word' id='word_1_215' title='bbox 524 3271 785 3352; x_wconf 89' lang='lat' dir='ltr'>pendite</span> <span class='ocrx_word' id='word_1_216' title='bbox 824 3274 1017 3352; x_wconf 90' lang='lat' dir='ltr'>atque</span> <span class='ocrx_word' id='word_1_217' title='bbox 1056 3271 1388 3335; x_wconf 91' lang='lat' dir='ltr'>aestimate</span> <span class='ocrx_word' id='word_1_218' title='bbox 1424 3274 1725 3356; x_wconf 83' lang='lat' dir='ltr'>pecunia3</span> <span class='ocrx_word' id='word_1_219' title='bbox 1770 3272 2100 3356; x_wconf 88' lang='lat' dir='ltr'>reperietis</span> <span class='ocrx_word' id='word_1_220' title='bbox 2138 3272 2376 3336; x_wconf 90' lang='lat' dir='ltr'>idcirco</span> <span class='ocrx_word' id='word_1_221' title='bbox 2414 3272 2574 3337; x_wconf 89' lang='lat' dir='ltr'>haec</span> <span class='ocrx_word' id='word_1_222' title='bbox 2609 3273 2679 3335; x_wconf 89' lang='lat' dir='ltr'>in</span> 
     </span>
     <span class='ocr_line' id='line_1_31' title="bbox 526 3375 2677 3462; baseline 0.002 -24"><span class='ocrx_word' id='word_1_223' title='bbox 526 3398 654 3439; x_wconf 91' lang='lat' dir='ltr'>uno</span> <span class='ocrx_word' id='word_1_224' title='bbox 716 3375 980 3439; x_wconf 88' lang='lat' dir='ltr'>homine</span> <span class='ocrx_word' id='word_1_225' title='bbox 1038 3377 1388 3459; x_wconf 88' lang='lat' dir='ltr'>pecunioso</span> <span class='ocrx_word' id='word_1_226' title='bbox 1450 3383 1552 3442; x_wconf 91' lang='lat' dir='ltr'>tot</span> <span class='ocrx_word' id='word_1_227' title='bbox 1614 3381 1993 3462; x_wconf 88' lang='lat' dir='ltr'>constituta,</span> <span class='ocrx_word' id='word_1_228' title='bbox 2050 3383 2125 3443; x_wconf 92' lang='lat' dir='ltr'>ut</span> <span class='ocrx_word' id='word_1_229' title='bbox 2187 3380 2412 3444; x_wconf 89' lang='lat' dir='ltr'>ceteris</span> <span class='ocrx_word' id='word_1_230' title='bbox 2459 3379 2677 3443; x_wconf 86' lang='lat' dir='ltr'>formi-</span> 
     </span>
     <span class='ocr_line' id='line_1_32' title="bbox 528 3481 2677 3570; baseline 0.002 -25"><span class='ocrx_word' id='word_1_231' title='bbox 528 3482 707 3546; x_wconf 88' lang='lat' dir='ltr'>dines</span> <span class='ocrx_word' id='word_1_232' title='bbox 746 3481 1055 3546; x_wconf 89' lang='lat' dir='ltr'>similium</span> <span class='ocrx_word' id='word_1_233' title='bbox 1093 3482 1653 3550; x_wconf 88' lang='lat' dir='ltr'>incommodorum</span> <span class='ocrx_word' id='word_1_234' title='bbox 1693 3490 1885 3570; x_wconf 88' lang='lat' dir='ltr'>atque</span> <span class='ocrx_word' id='word_1_235' title='bbox 1923 3487 2216 3569; x_wconf 85' lang='lat' dir='ltr'>exempla</span> <span class='ocrx_word' id='word_1_236' title='bbox 2242 3486 2677 3570; x_wconf 89' lang='lat' dir='ltr'>periculorum</span> 
     </span>
     <span class='ocr_line' id='line_1_33' title="bbox 524 3589 2758 3677; baseline 0 -25"><span class='ocrx_word' id='word_1_237' title='bbox 524 3593 930 3673; x_wconf 90' lang='lat' dir='ltr'>proponeret.</span> <span class='ocrx_word' id='word_1_238' title='bbox 1023 3589 1312 3655; x_wconf 88' lang='lat' dir='ltr'>Primum</span> <span class='ocrx_word' id='word_1_239' title='bbox 1367 3592 1767 3657; x_wconf 89' lang='lat' dir='ltr'>insimulatio</span> <span class='ocrx_word' id='word_1_240' title='bbox 1830 3596 1928 3656; x_wconf 90' lang='lat' dir='ltr'>est</span> <span class='ocrx_word' id='word_1_241' title='bbox 1985 3593 2322 3676; x_wconf 88' lang='lat' dir='ltr'>repentina</span> <span class='ocrx_word' id='word_1_242' title='bbox 2382 3593 2674 3677; x_wconf 89' lang='lat' dir='ltr'>capitalis</span> <span class='ocrx_word' id='word_1_243' title='bbox 2687 3614 2758 3653; x_wconf 86' lang='lat'>-30</span> 
     </span>
     <span class='ocr_line' id='line_1_34' title="bbox 525 3696 2677 3784; baseline 0.003 -25"><span class='ocrx_word' id='word_1_244' title='bbox 525 3700 718 3779; x_wconf 90' lang='lat' dir='ltr'>atque</span> <span class='ocrx_word' id='word_1_245' title='bbox 773 3696 1076 3760; x_wconf 85' lang='lat' dir='ltr'>invidiosi</span> <span class='ocrx_word' id='word_1_246' title='bbox 1132 3699 1443 3782; x_wconf 83' lang='lat' dir='ltr'>criminis3</span> <span class='ocrx_word' id='word_1_247' title='bbox 1502 3699 1794 3782; x_wconf 90' lang='lat' dir='ltr'>statuite,</span> <span class='ocrx_word' id='word_1_248' title='bbox 1849 3698 2074 3781; x_wconf 88' lang='lat' dir='ltr'>quanti</span> <span class='ocrx_word' id='word_1_249' title='bbox 2127 3699 2267 3764; x_wconf 63' lang='lat' dir='ltr'>hoc⁴</span> <span class='ocrx_word' id='word_1_250' title='bbox 2311 3702 2552 3784; x_wconf 90' lang='lat' dir='ltr'>putetis</span> <span class='ocrx_word' id='word_1_251' title='bbox 2614 3704 2677 3764; x_wconf 93' lang='lat' dir='ltr'>et</span> 
     </span>
     <span class='ocr_line' id='line_1_35' title="bbox 526 3803 2677 3889; baseline 0.003 -25"><span class='ocrx_word' id='word_1_252' title='bbox 526 3824 720 3885; x_wconf 88' lang='lat' dir='ltr'>quam</span> <span class='ocrx_word' id='word_1_253' title='bbox 780 3803 1021 3866; x_wconf 90' lang='lat' dir='ltr'>multos</span> <span class='ocrx_word' id='word_1_254' title='bbox 1081 3804 1452 3888; x_wconf 83' lang='lat' dir='ltr'>redemisse3</span> <span class='ocrx_word' id='word_1_255' title='bbox 1516 3806 1745 3870; x_wconf 87' lang='lat' dir='ltr'>deinde</span> <span class='ocrx_word' id='word_1_256' title='bbox 1802 3806 2043 3870; x_wconf 89' lang='lat' dir='ltr'>crimen</span> <span class='ocrx_word' id='word_1_257' title='bbox 2099 3805 2236 3870; x_wconf 89' lang='lat' dir='ltr'>sine</span> <span class='ocrx_word' id='word_1_258' title='bbox 2291 3812 2677 3889; x_wconf 89' lang='lat' dir='ltr'>accusatore,</span> 
     </span>
     <span class='ocr_line' id='line_1_36' title="bbox 526 3909 2675 3998; baseline 0.002 -25"><span class='ocrx_word' id='word_1_259' title='bbox 526 3909 844 3974; x_wconf 88' lang='lat' dir='ltr'>sententia</span> <span class='ocrx_word' id='word_1_260' title='bbox 901 3909 1037 3973; x_wconf 87' lang='lat' dir='ltr'>sine</span> <span class='ocrx_word' id='word_1_261' title='bbox 1086 3911 1384 3995; x_wconf 88' lang='lat' dir='ltr'>consilio,</span> <span class='ocrx_word' id='word_1_262' title='bbox 1431 3913 1758 3977; x_wconf 89' lang='lat' dir='ltr'>damnatio</span> <span class='ocrx_word' id='word_1_263' title='bbox 1808 3914 1945 3977; x_wconf 86' lang='lat' dir='ltr'>sine</span> <span class='ocrx_word' id='word_1_264' title='bbox 1992 3913 2389 3998; x_wconf 84' lang='lat' dir='ltr'>defensione3</span> <span class='ocrx_word' id='word_1_265' title='bbox 2449 3913 2675 3978; x_wconf 90' lang='lat' dir='ltr'>aesti-</span> 
     </span>
     <span class='ocr_line' id='line_1_37' title="bbox 524 4018 2675 4106; baseline 0.001 -24"><span class='ocrx_word' id='word_1_266' title='bbox 524 4021 723 4082; x_wconf 90' lang='lat' dir='ltr'>mate</span> <span class='ocrx_word' id='word_1_267' title='bbox 768 4018 1034 4081; x_wconf 87' lang='lat' dir='ltr'>harum</span> <span class='ocrx_word' id='word_1_268' title='bbox 1084 4019 1418 4091; x_wconf 82' lang='lat' dir='ltr'>omnium</span> <span class='ocrx_word' id='word_1_269' title='bbox 1463 4042 1715 4085; x_wconf 87' lang='lat' dir='ltr'>rerum</span> <span class='ocrx_word' id='word_1_270' title='bbox 1762 4019 2014 4104; x_wconf 82' lang='lat' dir='ltr'>pretia</span> <span class='ocrx_word' id='word_1_271' title='bbox 2052 4024 2115 4084; x_wconf 91' lang='lat' dir='ltr'>et</span> <span class='ocrx_word' id='word_1_272' title='bbox 2154 4021 2433 4106; x_wconf 86' lang='lat' dir='ltr'>cogitate</span> <span class='ocrx_word' id='word_1_273' title='bbox 2471 4021 2539 4084; x_wconf 90' lang='lat' dir='ltr'>in</span> <span class='ocrx_word' id='word_1_274' title='bbox 2574 4021 2675 4084; x_wconf 87' lang='lat' dir='ltr'>his</span> 
     </span>
     <span class='ocr_line' id='line_1_38' title="bbox 525 4124 2758 4214; baseline -0.001 -24"><span class='ocrx_word' id='word_1_275' title='bbox 525 4124 974 4208; x_wconf 87' lang='lat' dir='ltr'>iniquitatibus</span> <span class='ocrx_word' id='word_1_276' title='bbox 1022 4148 1224 4188; x_wconf 90' lang='lat' dir='ltr'>unum</span> <span class='ocrx_word' id='word_1_277' title='bbox 1270 4125 1553 4192; x_wconf 86' lang='lat' dir='ltr'>haesisse</span> <span class='ocrx_word' id='word_1_278' title='bbox 1600 4127 2050 4214; x_wconf 88' lang='lat' dir='ltr'>Apollonium,</span> <span class='ocrx_word' id='word_1_279' title='bbox 2097 4132 2341 4193; x_wconf 88' lang='lat' dir='ltr'>ceteros</span> <span class='ocrx_word' id='word_1_280' title='bbox 2386 4128 2678 4211; x_wconf 70' lang='lat' dir='ltr'>profecto</span> <span class='ocrx_word' id='word_1_281' title='bbox 2706 4148 2758 4187; x_wconf 80' lang='lat'>35</span> 
     </span>
    </p>
   </div>
  </div>
 </body>
</html>
