3175 4800
420 798 519 847 158

423 2184 525 2234 159

562 408 687 471 116
1156 401 1250 456 IV.
1289 403 1373 456 De
1412 400 1724 470 suppliciis,
1782 398 2108 469 (Auswahl.)

555 566 840 646 Siczlien,
887 587 974 631 an
1020 568 1131 631 der
1167 563 1456 631 Schwelle
1499 566 1610 629 der
1644 562 1930 645 Heimat,
1974 562 2152 646 ftelen
2194 564 2285 627 sie
2330 563 2466 626 dem
2491 562 2708 628 Verres

553 696 695 739 zum
751 673 961 756 Opfer.

738 779 907 859 Quid
968 800 1088 866 ego
1151 780 1237 844 de
1284 778 1352 843 P.
1392 776 1660 861 Gavio,
1722 775 2016 842 Consano
2065 775 2417 861 municipe,
2477 776 2706 859 dicam,

555 887 824 971 iudices,
883 890 996 951 aut
1059 907 1185 969 qua
1244 886 1309 950 vi
1356 884 1560 967 vocis,
1623 905 1750 967 qua
1795 884 2112 970 gravitate
2156 884 2528 966 verborum,
2574 903 2702 966 quo

559 993 776 1058 dolore
822 993 1021 1058 animi
1068 992 1321 1057 dicam?
1412 990 1699 1056 Tametsi
1757 990 1943 1055 dolor
1999 1012 2103 1054 me
2147 1011 2282 1055 non
2328 989 2570 1072 deficit3
2629 992 2705 1053 ut
2737 1009 2764 1049 5

558 1104 768 1165 cetera
809 1100 973 1164 mihi
1017 1100 1087 1163 in
1134 1099 1402 1164 dicendo
1450 1098 1647 1183 digna
1690 1119 1788 1180 re,
1848 1097 2043 1183 digna
2098 1098 2318 1162 dolore
2365 1119 2509 1162 meo
2555 1117 2705 1180 sup-

559 1209 811 1290 petant,
868 1206 1073 1293 magis
1133 1205 1557 1271 laborandum
1617 1207 1729 1269 est.
1823 1203 2009 1281 Quod
2059 1205 2301 1269 crimen
2346 1204 2482 1268 eius
2528 1203 2705 1268 modi

560 1316 684 1395 est,
727 1318 829 1396 ut,
876 1334 1023 1378 cum
1067 1313 1349 1396 primum
1397 1312 1476 1377 ad
1523 1335 1627 1376 me
1665 1313 1947 1377 delatum
1986 1313 2111 1395 est,
2146 1332 2414 1375 usurum
2451 1332 2554 1375 me
2591 1311 2703 1374 illo

557 1442 691 1485 non
733 1423 1057 1504 putarem3
1102 1420 1360 1484 tametsi
1407 1420 1577 1483 enim
1616 1420 2021 1484 verissimum
2060 1439 2197 1483 esse
2233 1417 2705 1503 intellegebam,

558 1530 777 1592 tamen
840 1526 1140 1592 credibile
1203 1525 1342 1590 fore
1404 1548 1537 1590 non
1603 1525 1973 1592 arbitrabar.
2068 1523 2341 1589 Coactus
2404 1524 2704 1590 lacrumis
2738 1542 2793 1583 ιο

561 1633 849 1697 omnium
910 1633 1148 1698 civium
1197 1631 1669 1717 Romanorum,
1730 1633 1840 1717 qui
1891 1633 1962 1697 in
2008 1630 2230 1696 Sicilia
2274 1631 2708 1717 negotiantur,

560 1739 871 1804 adductus
919 1738 1410 1805 Valentinorum
1424 1790 1441 1822 ,
1500 1740 1837 1805 hominum
1885 1739 2517 1822 honestissimorum,
2577 1760 2708 1803 om-

559 1846 867 1929 niumque
931 1845 1330 1931 Reginorum
1403 1847 1793 1911 testimoniis
1867 1848 2350 1929 multorumque
2415 1846 2705 1930 equitum

561 1951 1029 2036 Romanorum,
1068 1952 1181 2036 qui
1218 1974 1370 2018 casu
1405 1957 1548 2018 tum
1574 1954 1907 2018 Messanae
1944 1952 2234 2037 fuerunt,
2270 1953 2418 2017 dedi
2452 1955 2708 2018 tantum

563 2058 774 2141 priore
833 2059 1083 2125 actione
1141 2060 1435 2144 testium,
1491 2081 1593 2125 res
1639 2061 2002 2125 ut'wnemini
2047 2060 2243 2126 dubia
2289 2081 2426 2125 esse
2469 2063 2703 2143 posset.
2735 2077 2791 2117 15

563 2164 732 2242 Quid
775 2188 948 2232 nunc
996 2167 1227 2254 agam?
1300 2166 1462 2232 Cum
1498 2166 1628 2231 iam
1671 2170 1772 2231 tot
1815 2166 2006 2232 horas
2055 2166 2133 2231 de
2178 2189 2309 2231 uno
2357 2189 2587 2253 genere
2633 2188 2709 2231 ac

565 2272 642 2338 de
700 2273 886 2337 istius
946 2274 1191 2338 nefaria
1251 2274 1626 2341 crudelitate
1687 2274 1923 2357 dicam,
1983 2295 2130 2339 cum
2190 2297 2393 2358 prope
2454 2296 2709 2348 omnem

564 2379 697 2446 vim
741 2380 1083 2447 verborum
1132 2382 1268 2447 eius
1315 2381 1521 2465 modi,
1569 2403 1731 2465 quae
1779 2382 2015 2447 scelere
2061 2380 2248 2446 istius
2309 2381 2504 2468 digna
2564 2380 2711 2464 sint,

565 2488 706 2552 aliis
768 2488 836 2552 in
892 2489 1084 2555 rebus
1146 2489 1655 2573 consumpserim
1713 2510 1923 2573 neque
1982 2489 2106 2554 hoc
2161 2489 2579 2573 providerim,
2636 2491 2711 2553 ut

565 2595 871 2659 varietate
933 2597 1273 2661 criminum
1319 2618 1434 2660 vos
1495 2596 1791 2661 adtentos
1838 2599 2123 2661 tenerem
2133 2645 2152 2679 ,
2210 2618 2401 2680 quem
2449 2595 2530 2660 ad
2576 2617 2709 2660 mo·
2738 2612 2792 2652 2⁰

567 2701 719 2765 dum
783 2701 860 2765 de
923 2705 1105 2766 tanta
1164 2725 1234 2767 re
1300 2701 1551 2791 dicam?
1642 2700 1915 2786 Opinor,
1978 2723 2145 2767 unus
2212 2703 2440 2768 modus
2516 2705 2709 2785 atque

568 2828 697 2871 una
740 2806 907 2872 ratio
956 2812 1081 2893 est;
1124 2831 1259 2874 rem
1306 2804 1377 2874 in
1420 2782 1632 2872 medio
1678 2831 1946 2893 ponam,
2006 2830 2170 2892 quae
2214 2814 2468 2874 tantum
2513 2808 2711 2873 habet

567 2916 708 2998 ipsa
771 2915 1136 3000 gravitatis,
1198 2919 1274 2980 ut
1334 2936 1544 2998 neque
1612 2939 1781 3000 mea,
1845 2937 2008 2999 quae
2071 2917 2252 2980 nulla
2316 2921 2441 3000 est,
2502 2937 2711 2999 neque

570 3022 946 3106 cuiusquam
1011 3023 1089 3087 ad
1157 3022 1648 3087 inflammandos
1711 3027 1959 3088 vestros
2025 3023 2271 3087 animos
2346 3022 2711 3105 eloquentia

430 3146 531 3195 160
567 3129 946 3212 requiratur.
1037 3127 1315 3194 Gavius
1379 3129 1515 3212 hic,
1580 3150 1770 3212 quem
1836 3130 2008 3214 dic0,
2073 3129 2490 3211 Consanus,
2546 3148 2708 3192 cum
2739 3144 2792 3185 2⁶

569 3236 637 3299 in
699 3236 812 3299 illo
876 3257 1143 3300 numero
1211 3236 1446 3300 civium
1494 3234 1934 3301 Romanorum
2000 3238 2080 3301 ab
2143 3237 2268 3301 isto
2334 3235 2413 3299 in
2457 3235 2714 3299 vincla

572 3341 963 3405 coniectus
1012 3345 1215 3406 esset
1260 3345 1325 3406 et
1358 3343 1574 3406 nescio
1624 3364 1750 3425 qua
1794 3344 2042 3408 ratione
2089 3344 2253 3407 clam
2303 3360 2336 3406 e
2380 3342 2713 3407 lautumiis

570 3447 963 3535 profugisset
1021 3448 1508 3532 Messanamque
1572 3450 1880 3534 venisset,
1946 3451 2057 3534 qui
2121 3454 2255 3514 tam
2319 3471 2521 3533 prope
2583 3450 2712 3513 iam

569 3553 822 3619 Italiam
862 3560 926 3620 et
963 3557 1217 3621 moenia
1244 3539 1670 3642 Reginorum,
1708 3558 1943 3621 civium
1976 3556 2443 3640 Romanorum,
2468 3555 2717 3621 videret

572 3667 635 3727 et
695 3685 775 3728 ex
831 3664 944 3728 illo
1005 3668 1183 3729 metu
1242 3664 1467 3727 mortis
1529 3685 1603 3728 ac
1649 3664 1929 3729 tenebris
1979 3665 2162 3749 quasi
2204 3664 2350 3728 luce
2396 3663 2714 3728 libertatis
2743 3680 2797 3719 ⁸0

574 3772 637 3833 et
675 3769 869 3833 odore
905 3770 1123 3852 aliquo
1160 3770 1378 3855 legum
1415 3773 1737 3834 recreatus
1774 3770 2138 3854 revixisset,
2173 3771 2392 3853 loqui
2436 3770 2717 3835 Messa-

572 3897 709 3939 nae
757 3880 829 3940 et
876 3877 1091 3960 queri
1139 3876 1396 3960 coepit
1442 3897 1519 3940 se
1574 3878 1816 3942 civem
1862 3877 2282 3943 Romanum
2339 3878 2417 3941 in
2462 3876 2717 3940 vincla

574 3983 1033 4067 coniectum,
1079 3983 1203 4047 sibi
1246 3986 1422 4047 recta
1466 3983 1591 4048 iter
1635 4005 1772 4049 esse
1800 3983 2104 4069 Romam,
2131 3983 2321 4049 Verri
2359 4004 2427 4048 se
2461 3983 2716 4066 praesto

576 4090 939 4155 advenienti
983 4090 1291 4155 futurum.
1381 4088 1537 4154 Non
1581 4091 1997 4177 intellegebat
2043 4092 2237 4156 miser
2298 4090 2465 4153 nihil
2525 4088 2718 4153 inter-

576 4218 740 4280 esse,
797 4202 1015 4262 utrum
1074 4197 1232 4263 haec
1276 4195 1608 4262 Messanae
1669 4220 1751 4262 an
1811 4199 1982 4282 apud
2040 4199 2235 4263 istum
2285 4197 2354 4260 in
2399 4194 2718 4280 praetorio
2747 4213 2800 4253 εδ
