<?xml version="1.0" encoding="UTF-8"?>
<!DOCTYPE html PUBLIC "-//W3C//DTD XHTML 1.0 Transitional//EN"
    "http://www.w3.org/TR/xhtml1/DTD/xhtml1-transitional.dtd">
<html xmlns="http://www.w3.org/1999/xhtml" xml:lang="en" lang="en">
 <head>
  <title>
</title>
<meta http-equiv="Content-Type" content="text/html;charset=utf-8" />
  <meta name='ocr-system' content='tesseract 3.04.00' />
  <meta name='ocr-capabilities' content='ocr_page ocr_carea ocr_par ocr_line ocrx_word'/>
</head>
<body>
  <div class='ocr_page' id='page_1' title='image "./cicerosverrinen00bardgoog_0095.png"; bbox 0 0 3175 4800; ppageno 0'>
   <div class='ocr_carea' id='block_1_1' title="bbox 595 353 2861 452">
    <p class='ocr_par' dir='ltr' id='par_1_1' title="bbox 595 353 2861 452">
     <span class='ocr_line' id='line_1_1' title="bbox 595 353 2861 452; baseline -0.001 -15"><span class='ocrx_word' id='word_1_1' title='bbox 595 383 632 430; x_wconf 62' lang='grc' dir='ltr'><strong>«ι</strong></span> <span class='ocrx_word' id='word_1_2' title='bbox 942 406 948 413; x_wconf 92' lang='grc'>-</span> <span class='ocrx_word' id='word_1_3' title='bbox 1446 390 1693 440; x_wconf 79' lang='lat'><strong>26—35.</strong></span> <span class='ocrx_word' id='word_1_4' title='bbox 2556 390 2636 452; x_wconf 79' lang='lat'><strong>81</strong></span> <span class='ocrx_word' id='word_1_5' title='bbox 2759 431 2764 435; x_wconf 75' lang='grc'>,</span> <span class='ocrx_word' id='word_1_6' title='bbox 2812 353 2861 430; x_wconf 78' lang='lat'><strong>,&#39;</strong></span> 
     </span>
    </p>
   </div>
   <div class='ocr_carea' id='block_1_2' title="bbox 492 547 2644 956">
    <p class='ocr_par' dir='ltr' id='par_1_2' title="bbox 492 547 2644 956">
     <span class='ocr_line' id='line_1_2' title="bbox 497 547 2642 634; baseline -0 -20"><span class='ocrx_word' id='word_1_7' title='bbox 497 571 643 614; x_wconf 92' lang='lat' dir='ltr'><strong>cum</strong></span> <span class='ocrx_word' id='word_1_8' title='bbox 683 552 1068 613; x_wconf 87' lang='lat' dir='ltr'><strong>concursant</strong></span> <span class='ocrx_word' id='word_1_9' title='bbox 1106 548 1301 613; x_wconf 90' lang='lat' dir='ltr'><strong>ceteri</strong></span> <span class='ocrx_word' id='word_1_10' title='bbox 1335 551 1691 633; x_wconf 88' lang='lat' dir='ltr'><strong>praetores,</strong></span> <span class='ocrx_word' id='word_1_11' title='bbox 1726 548 1848 613; x_wconf 91' lang='lat' dir='ltr'><strong>iste</strong></span> <span class='ocrx_word' id='word_1_12' title='bbox 1883 547 2053 613; x_wconf 76' lang='lat' dir='ltr'><strong>n&#39;ovo</strong></span> <span class='ocrx_word' id='word_1_13' title='bbox 2094 548 2372 632; x_wconf 82' lang='lat' dir='ltr'><strong>quodam</strong></span> <span class='ocrx_word' id='word_1_14' title='bbox 2410 570 2642 634; x_wconf 85' lang='lat' dir='ltr'><strong>genere</strong></span> 
     </span>
     <span class='ocr_line' id='line_1_3' title="bbox 496 653 2643 740; baseline 0 -21"><span class='ocrx_word' id='word_1_15' title='bbox 496 655 846 740; x_wconf 86' lang='lat' dir='ltr'><strong>imperator</strong></span> <span class='ocrx_word' id='word_1_16' title='bbox 873 654 1305 740; x_wconf 86' lang='lat' dir='ltr'><strong>pulcherrimo</strong></span> <span class='ocrx_word' id='word_1_17' title='bbox 1337 653 1799 740; x_wconf 76' lang='lat' dir='ltr'><strong>Syracusarum</strong></span> <span class='ocrx_word' id='word_1_18' title='bbox 1826 657 1972 724; x_wconf 90' lang='lat' dir='ltr'><strong>loco</strong></span> <span class='ocrx_word' id='word_1_19' title='bbox 2003 656 2237 721; x_wconf 80' lang='lat' dir='ltr'><strong>stativa</strong></span> <span class='ocrx_word' id='word_1_20' title='bbox 2274 656 2397 720; x_wconf 82' lang='lat' dir='ltr'>sibi</span> <span class='ocrx_word' id='word_1_21' title='bbox 2436 657 2643 721; x_wconf 86' lang='lat' dir='ltr'><strong>castra</strong></span> 
     </span>
     <span class='ocr_line' id='line_1_4' title="bbox 493 762 2644 847; baseline -0 -20"><span class='ocrx_word' id='word_1_22' title='bbox 493 763 786 828; x_wconf 74' lang='lat' dir='ltr'><strong>faciebat.</strong></span> <span class='ocrx_word' id='word_1_23' title='bbox 877 763 1049 828; x_wconf 89' lang='lat' dir='ltr'><strong>Nam</strong></span> <span class='ocrx_word' id='word_1_24' title='bbox 1104 763 1175 826; x_wconf 92' lang='lat' dir='ltr'><strong>in</strong></span> <span class='ocrx_word' id='word_1_25' title='bbox 1228 763 1371 847; x_wconf 91' lang='lat' dir='ltr'><strong>ipso</strong></span> <span class='ocrx_word' id='word_1_26' title='bbox 1428 762 1608 828; x_wconf 88' lang='lat' dir='ltr'><strong>aditu</strong></span> <span class='ocrx_word' id='word_1_27' title='bbox 1655 767 1848 845; x_wconf 87' lang='lat' dir='ltr'><strong>atque</strong></span> <span class='ocrx_word' id='word_1_28' title='bbox 1896 784 2004 828; x_wconf 92' lang='lat' dir='ltr'><strong>ore</strong></span> <span class='ocrx_word' id='word_1_29' title='bbox 2043 766 2306 846; x_wconf 87' lang='lat' dir='ltr'><strong>portus,</strong></span> <span class='ocrx_word' id='word_1_30' title='bbox 2358 763 2472 827; x_wconf 91' lang='lat' dir='ltr'><strong>ubi</strong></span> <span class='ocrx_word' id='word_1_31' title='bbox 2516 763 2644 847; x_wconf 91' lang='lat' dir='ltr'><strong>pri·</strong></span> 
     </span>
     <span class='ocr_line' id='line_1_5' title="bbox 492 869 2644 956; baseline 0 -22"><span class='ocrx_word' id='word_1_32' title='bbox 492 892 670 935; x_wconf 91' lang='lat' dir='ltr'><strong>mum</strong></span> <span class='ocrx_word' id='word_1_33' title='bbox 719 892 799 934; x_wconf 83' lang='lat' dir='ltr'><strong>ex</strong></span> <span class='ocrx_word' id='word_1_34' title='bbox 844 870 977 934; x_wconf 89' lang='lat' dir='ltr'><strong>alto</strong></span> <span class='ocrx_word' id='word_1_35' title='bbox 1024 870 1203 934; x_wconf 90' lang='lat' dir='ltr'><strong>sinus</strong></span> <span class='ocrx_word' id='word_1_36' title='bbox 1251 870 1332 935; x_wconf 89' lang='lat' dir='ltr'><strong>ab</strong></span> <span class='ocrx_word' id='word_1_37' title='bbox 1377 870 1567 934; x_wconf 88' lang='lat' dir='ltr'><strong>litore</strong></span> <span class='ocrx_word' id='word_1_38' title='bbox 1615 869 1694 934; x_wconf 89' lang='lat' dir='ltr'><strong>ad</strong></span> <span class='ocrx_word' id='word_1_39' title='bbox 1740 870 1967 934; x_wconf 90' lang='lat' dir='ltr'><strong>urbem</strong></span> <span class='ocrx_word' id='word_1_40' title='bbox 2013 870 2393 956; x_wconf 88' lang='lat' dir='ltr'><strong>inflectitur,</strong></span> <span class='ocrx_word' id='word_1_41' title='bbox 2436 870 2644 935; x_wconf 88' lang='lat' dir='ltr'><strong>taber-</strong></span> 
     </span>
    </p>
   </div>
   <div class='ocr_carea' id='block_1_3' title="bbox 2683 781 2831 834">
    <p class='ocr_par' dir='ltr' id='par_1_3' title="bbox 2683 781 2831 834">
     <span class='ocr_line' id='line_1_6' title="bbox 2683 781 2831 834; baseline 0.034 -5"><span class='ocrx_word' id='word_1_42' title='bbox 2683 781 2831 834; x_wconf 81' lang='lat'><strong>30.</strong></span> 
     </span>
    </p>
   </div>
   <div class='ocr_carea' id='block_1_4' title="bbox 442 957 2860 1069">
    <p class='ocr_par' dir='ltr' id='par_1_4' title="bbox 442 957 2860 1069">
     <span class='ocr_line' id='line_1_7' title="bbox 442 957 2860 1069; baseline 0.002 -30"><span class='ocrx_word' id='word_1_43' title='bbox 442 997 465 1038; x_wconf 77' lang='lat'><strong>⁶</strong></span> <span class='ocrx_word' id='word_1_44' title='bbox 492 978 725 1041; x_wconf 87' lang='lat' dir='ltr'><strong>nacula</strong></span> <span class='ocrx_word' id='word_1_45' title='bbox 785 976 1100 1041; x_wconf 79' lang='lat' dir='ltr'><strong>carbaseis</strong></span> <span class='ocrx_word' id='word_1_46' title='bbox 1161 978 1412 1041; x_wconf 85' lang='lat' dir='ltr'><strong>intenta</strong></span> <span class='ocrx_word' id='word_1_47' title='bbox 1455 976 1617 1041; x_wconf 78' lang='lat' dir='ltr'><strong>velis</strong></span> <span class='ocrx_word' id='word_1_48' title='bbox 1679 977 2074 1066; x_wconf 76' lang='lat' dir='ltr'><strong>conlocabat.</strong></span> <span class='ocrx_word' id='word_1_49' title='bbox 2165 975 2315 1042; x_wconf 93' lang='lat' dir='ltr'><strong>Huc</strong></span> <span class='ocrx_word' id='word_1_50' title='bbox 2370 1000 2459 1041; x_wconf 83' lang='lat' dir='ltr'><strong>ex</strong></span> <span class='ocrx_word' id='word_1_51' title='bbox 2503 978 2644 1042; x_wconf 90' lang='lat' dir='ltr'><strong>illa</strong></span> <span class='ocrx_word' id='word_1_52' title='bbox 2741 995 2771 1069; x_wconf 55' lang='lat' dir='ltr'>J</span> <span class='ocrx_word' id='word_1_53' title='bbox 2854 957 2860 964; x_wconf 29' lang='lat'>²</span> 
     </span>
    </p>
   </div>
   <div class='ocr_carea' id='block_1_5' title="bbox 414 1083 2644 1916">
    <p class='ocr_par' dir='ltr' id='par_1_5' title="bbox 414 1083 2643 1596">
     <span class='ocr_line' id='line_1_8' title="bbox 494 1083 2643 1172; baseline 0.001 -25"><span class='ocrx_word' id='word_1_54' title='bbox 494 1083 711 1148; x_wconf 93' lang='lat' dir='ltr'><strong>domo</strong></span> <span class='ocrx_word' id='word_1_55' title='bbox 795 1084 1221 1167; x_wconf 85' lang='lat' dir='ltr'><strong>praetoria,</strong></span> <span class='ocrx_word' id='word_1_56' title='bbox 1305 1105 1494 1172; x_wconf 89' lang='lat' dir='ltr'><strong>quae</strong></span> <span class='ocrx_word' id='word_1_57' title='bbox 1576 1084 1787 1170; x_wconf 86' lang='lat' dir='ltr'><strong>regis</strong></span> <span class='ocrx_word' id='word_1_58' title='bbox 1860 1083 2223 1149; x_wconf 88' lang='lat' dir='ltr'><strong>Hieronis</strong></span> <span class='ocrx_word' id='word_1_59' title='bbox 2298 1084 2479 1168; x_wconf 88' lang='lat' dir='ltr'><strong>fuit,</strong></span> <span class='ocrx_word' id='word_1_60' title='bbox 2551 1084 2643 1150; x_wconf 92' lang='lat' dir='ltr'><strong>sic</strong></span> 
     </span>
     <span class='ocr_line' id='line_1_9' title="bbox 493 1190 2643 1276; baseline 0 -22"><span class='ocrx_word' id='word_1_61' title='bbox 493 1190 879 1276; x_wconf 86' lang='lat' dir='ltr'><strong>emigrabat,</strong></span> <span class='ocrx_word' id='word_1_62' title='bbox 923 1193 997 1255; x_wconf 90' lang='lat' dir='ltr'><strong>ut</strong></span> <span class='ocrx_word' id='word_1_63' title='bbox 1043 1213 1191 1255; x_wconf 92' lang='lat' dir='ltr'><strong>eum</strong></span> <span class='ocrx_word' id='word_1_64' title='bbox 1238 1213 1354 1275; x_wconf 92' lang='lat' dir='ltr'><strong>per</strong></span> <span class='ocrx_word' id='word_1_65' title='bbox 1398 1191 1545 1256; x_wconf 90' lang='lat' dir='ltr'><strong>illos</strong></span> <span class='ocrx_word' id='word_1_66' title='bbox 1583 1190 1719 1256; x_wconf 86' lang='lat' dir='ltr'><strong>dies</strong></span> <span class='ocrx_word' id='word_1_67' title='bbox 1755 1212 1946 1258; x_wconf 90' lang='lat' dir='ltr'><strong>nemo</strong></span> <span class='ocrx_word' id='word_1_68' title='bbox 1986 1194 2167 1255; x_wconf 83' lang='lat' dir='ltr'><strong>extra</strong></span> <span class='ocrx_word' id='word_1_69' title='bbox 2201 1192 2389 1255; x_wconf 92' lang='lat' dir='ltr'><strong>illum</strong></span> <span class='ocrx_word' id='word_1_70' title='bbox 2424 1192 2643 1256; x_wconf 83' lang='lat' dir='ltr'><strong>locum</strong></span> 
     </span>
     <span class='ocr_line' id='line_1_10' title="bbox 492 1296 2643 1382; baseline 0.001 -21"><span class='ocrx_word' id='word_1_71' title='bbox 492 1297 707 1363; x_wconf 83' lang='lat' dir='ltr'><strong>videre</strong></span> <span class='ocrx_word' id='word_1_72' title='bbox 766 1301 1002 1382; x_wconf 88' lang='lat' dir='ltr'><strong>posset.</strong></span> <span class='ocrx_word' id='word_1_73' title='bbox 1092 1296 1172 1362; x_wconf 91' lang='lat' dir='ltr'><strong>In</strong></span> <span class='ocrx_word' id='word_1_74' title='bbox 1230 1320 1378 1363; x_wconf 93' lang='lat' dir='ltr'><strong>eum</strong></span> <span class='ocrx_word' id='word_1_75' title='bbox 1434 1301 1650 1363; x_wconf 89' lang='lat' dir='ltr'><strong>autem</strong></span> <span class='ocrx_word' id='word_1_76' title='bbox 1705 1299 1918 1381; x_wconf 91' lang='lat' dir='ltr'><strong>ipsum</strong></span> <span class='ocrx_word' id='word_1_77' title='bbox 1972 1299 2190 1363; x_wconf 92' lang='lat' dir='ltr'><strong>locum</strong></span> <span class='ocrx_word' id='word_1_78' title='bbox 2247 1298 2457 1363; x_wconf 88' lang='lat' dir='ltr'><strong>aditus</strong></span> <span class='ocrx_word' id='word_1_79' title='bbox 2505 1301 2643 1363; x_wconf 84' lang='lat' dir='ltr'><strong>erat</strong></span> 
     </span>
     <span class='ocr_line' id='line_1_11' title="bbox 490 1403 2640 1488; baseline 0.001 -20"><span class='ocrx_word' id='word_1_80' title='bbox 490 1403 761 1488; x_wconf 87' lang='lat' dir='ltr'><strong>nemini,</strong></span> <span class='ocrx_word' id='word_1_81' title='bbox 819 1404 945 1470; x_wconf 88' lang='lat' dir='ltr'><strong>nisi</strong></span> <span class='ocrx_word' id='word_1_82' title='bbox 1006 1404 1117 1488; x_wconf 88' lang='lat' dir='ltr'><strong>qui</strong></span> <span class='ocrx_word' id='word_1_83' title='bbox 1179 1408 1292 1470; x_wconf 85' lang='lat' dir='ltr'><strong>aut</strong></span> <span class='ocrx_word' id='word_1_84' title='bbox 1350 1406 1560 1470; x_wconf 90' lang='lat' dir='ltr'><strong>socius</strong></span> <span class='ocrx_word' id='word_1_85' title='bbox 1623 1410 1737 1472; x_wconf 86' lang='lat' dir='ltr'><strong>aut</strong></span> <span class='ocrx_word' id='word_1_86' title='bbox 1794 1404 2088 1470; x_wconf 77' lang='lat' dir='ltr'><strong>minister</strong></span> <span class='ocrx_word' id='word_1_87' title='bbox 2149 1405 2437 1470; x_wconf 77' lang='lat' dir='ltr'><strong>libidinis</strong></span> <span class='ocrx_word' id='word_1_88' title='bbox 2503 1427 2640 1471; x_wconf 90' lang='lat' dir='ltr'><strong>esse</strong></span> 
     </span>
     <span class='ocr_line' id='line_1_12' title="bbox 414 1507 2095 1596; baseline 0.003 -24"><span class='ocrx_word' id='word_1_89' title='bbox 414 1535 464 1573; x_wconf 85' lang='lat'><strong>10</strong></span> <span class='ocrx_word' id='word_1_90' title='bbox 492 1516 730 1596; x_wconf 88' lang='lat' dir='ltr'><strong>posset.</strong></span> <span class='ocrx_word' id='word_1_91' title='bbox 1943 1559 1951 1566; x_wconf 80' lang='lat'><strong>.</strong></span> <span class='ocrx_word' id='word_1_92' title='bbox 2089 1507 2095 1512; x_wconf 40' lang='lat'><em>⁶</em></span> 
     </span>
    </p>

    <p class='ocr_par' dir='ltr' id='par_1_6' title="bbox 478 1608 2644 1916">
     <span class='ocr_line' id='line_1_13' title="bbox 668 1608 2643 1701; baseline 0 -19"><span class='ocrx_word' id='word_1_93' title='bbox 668 1618 796 1683; x_wconf 79' lang='lat' dir='ltr'><strong>Die</strong></span> <span class='ocrx_word' id='word_1_94' title='bbox 828 1616 1260 1701; x_wconf 76' lang='lat' dir='ltr'><strong>Gesellschaft,</strong></span> <span class='ocrx_word' id='word_1_95' title='bbox 1305 1620 1378 1683; x_wconf 70' lang='lat' dir='ltr'><strong>in</strong></span> <span class='ocrx_word' id='word_1_96' title='bbox 1414 1621 1524 1684; x_wconf 79' lang='lat' dir='ltr'><strong>der</strong></span> <span class='ocrx_word' id='word_1_97' title='bbox 1559 1639 1627 1682; x_wconf 85' lang='lat' dir='ltr'><strong>er</strong></span> <span class='ocrx_word' id='word_1_98' title='bbox 1661 1618 1793 1684; x_wconf 80' lang='lat' dir='ltr'><strong>sich</strong></span> <span class='ocrx_word' id='word_1_99' title='bbox 1830 1619 2108 1701; x_wconf 76' lang='lat' dir='ltr'><strong>beweyte,</strong></span> <span class='ocrx_word' id='word_1_100' title='bbox 2154 1620 2379 1700; x_wconf 74' lang='lat' dir='ltr'><strong>musste</strong></span> <span class='ocrx_word' id='word_1_101' title='bbox 2399 1608 2643 1700; x_wconf 62' lang='lat' dir='ltr'><strong>‘seinem</strong></span> 
     </span>
     <span class='ocr_line' id='line_1_14' title="bbox 478 1722 2644 1808; baseline 0.001 -19"><span class='ocrx_word' id='word_1_102' title='bbox 478 1726 719 1808; x_wconf 73' lang='lat' dir='ltr'><strong>junyen</strong></span> <span class='ocrx_word' id='word_1_103' title='bbox 765 1722 968 1790; x_wconf 75' lang='lat' dir='ltr'><strong>Solme</strong></span> <span class='ocrx_word' id='word_1_104' title='bbox 1019 1725 1394 1790; x_wconf 73' lang='lat' dir='ltr'><strong>verderblich</strong></span> <span class='ocrx_word' id='word_1_105' title='bbox 1446 1727 1718 1805; x_wconf 79' lang='lat' dir='ltr'><strong><em>werden,</em></strong></span> <span class='ocrx_word' id='word_1_106' title='bbox 1772 1725 1892 1791; x_wconf 80' lang='lat' dir='ltr'><strong>wie</strong></span> <span class='ocrx_word' id='word_1_107' title='bbox 1927 1726 2026 1797; x_wconf 73' lang='lat' dir='ltr'><strong>‚sie</strong></span> <span class='ocrx_word' id='word_1_108' title='bbox 2068 1724 2454 1798; x_wconf 63' lang='lat' dir='ltr'><strong>vomchmen,</strong></span> <span class='ocrx_word' id='word_1_109' title='bbox 2483 1723 2644 1791; x_wconf 77' lang='lat' dir='ltr'><strong>Sici-</strong></span> 
     </span>
     <span class='ocr_line' id='line_1_15' title="bbox 491 1830 2341 1916; baseline 0 -21"><span class='ocrx_word' id='word_1_110' title='bbox 491 1830 913 1911; x_wconf 54' lang='lat' dir='ltr'><strong>lunarium,</strong></span> <span class='ocrx_word' id='word_1_111' title='bbox 959 1833 1062 1898; x_wconf 82' lang='lat' dir='ltr'><strong>die</strong></span> <span class='ocrx_word' id='word_1_112' title='bbox 1097 1833 1192 1897; x_wconf 79' lang='lat' dir='ltr'><strong>bei</strong></span> <span class='ocrx_word' id='word_1_113' title='bbox 1234 1833 1366 1897; x_wconf 80' lang='lat' dir='ltr'><strong>ihm</strong></span> <span class='ocrx_word' id='word_1_114' title='bbox 1412 1833 1789 1913; x_wconf 76' lang='lat' dir='ltr'><strong>verkehrten,</strong></span> <span class='ocrx_word' id='word_1_115' title='bbox 1835 1834 2141 1916; x_wconf 74' lang='lat' dir='ltr'><strong>anst‘o&#39;ls’iq</strong></span> <span class='ocrx_word' id='word_1_116' title='bbox 2185 1853 2341 1898; x_wconf 84' lang='lat' dir='ltr'><strong>war.</strong></span> 
     </span>
    </p>
   </div>
   <div class='ocr_carea' id='block_1_6' title="bbox 2682 1635 2750 1774">
    <p class='ocr_par' dir='ltr' id='par_1_7' title="bbox 2682 1635 2750 1774">
     <span class='ocr_line' id='line_1_16' title="bbox 2682 1635 2750 1684; baseline 0 0"><span class='ocrx_word' id='word_1_117' title='bbox 2682 1635 2750 1684; x_wconf 81' lang='lat'><strong>30</strong></span> 
     </span>
     <span class='ocr_line' id='line_1_17' title="bbox 2682 1724 2748 1774; baseline 0.015 -1"><span class='ocrx_word' id='word_1_118' title='bbox 2682 1724 2748 1774; x_wconf 81' lang='lat'><strong>31</strong></span> 
     </span>
    </p>
   </div>
   <div class='ocr_carea' id='block_1_7' title="bbox 669 1937 2837 2046">
    <p class='ocr_par' dir='ltr' id='par_1_8' title="bbox 669 1937 2837 2046">
     <span class='ocr_line' id='line_1_18' title="bbox 669 1937 2837 2046; baseline 0.002 -43"><span class='ocrx_word' id='word_1_119' title='bbox 669 1937 768 2005; x_wconf 88' lang='lat' dir='ltr'><strong>Ac</strong></span> <span class='ocrx_word' id='word_1_120' title='bbox 839 1961 955 2023; x_wconf 91' lang='lat' dir='ltr'><strong>per</strong></span> <span class='ocrx_word' id='word_1_121' title='bbox 1026 1960 1135 2004; x_wconf 87' lang='lat' dir='ltr'><strong>eos</strong></span> <span class='ocrx_word' id='word_1_122' title='bbox 1210 1940 1342 2005; x_wconf 89' lang='lat' dir='ltr'><strong>dies</strong></span> <span class='ocrx_word' id='word_1_123' title='bbox 1418 1962 1564 2006; x_wconf 91' lang='lat' dir='ltr'><strong>cum</strong></span> <span class='ocrx_word' id='word_1_124' title='bbox 1638 1940 1776 2046; x_wconf 50' lang='lat' dir='ltr'><strong>iste5</strong></span> <span class='ocrx_word' id='word_1_125' title='bbox 1836 1962 1983 2005; x_wconf 89' lang='lat' dir='ltr'><strong>cum</strong></span> <span class='ocrx_word' id='word_1_126' title='bbox 2057 1940 2256 2027; x_wconf 85' lang='lat' dir='ltr'><strong>pallio</strong></span> <span class='ocrx_word' id='word_1_127' title='bbox 2318 1962 2642 2025; x_wconf 80' lang='lat' dir='ltr'><strong>purpureo</strong></span> <span class='ocrx_word' id='word_1_128' title='bbox 2695 2029 2700 2034; x_wconf 11' lang='grc' dir='ltr'><strong><em>ἡ</em></strong></span> <span class='ocrx_word' id='word_1_129' title='bbox 2832 1949 2837 1954; x_wconf 81' lang='lat'>&#39;</span> 
     </span>
    </p>
   </div>
   <div class='ocr_carea' id='block_1_8' title="bbox 413 2036 2674 2131">
    <p class='ocr_par' dir='ltr' id='par_1_9' title="bbox 413 2036 2674 2131">
     <span class='ocr_line' id='line_1_19' title="bbox 413 2036 2674 2131; baseline 0.002 -25"><span class='ocrx_word' id='word_1_130' title='bbox 413 2066 463 2108; x_wconf 76' lang='lat'><strong>1⁶</strong></span> <span class='ocrx_word' id='word_1_131' title='bbox 490 2045 805 2131; x_wconf 88' lang='lat' dir='ltr'><strong>talarique</strong></span> <span class='ocrx_word' id='word_1_132' title='bbox 851 2047 1075 2111; x_wconf 82' lang='lat' dir='ltr'><strong>tunica</strong></span> <span class='ocrx_word' id='word_1_133' title='bbox 1115 2051 1477 2112; x_wconf 77' lang='lat' dir='ltr'><strong>versaretur</strong></span> <span class='ocrx_word' id='word_1_134' title='bbox 1519 2048 1592 2111; x_wconf 88' lang='lat' dir='ltr'><strong>in</strong></span> <span class='ocrx_word' id='word_1_135' title='bbox 1637 2047 1949 2112; x_wconf 78' lang='lat' dir='ltr'><strong>conviviis</strong></span> <span class='ocrx_word' id='word_1_136' title='bbox 1996 2046 2449 2130; x_wconf 83' lang='lat' dir='ltr'><strong>muliebribus,</strong></span> <span class='ocrx_word' id='word_1_137' title='bbox 2493 2036 2674 2111; x_wconf 52' lang='lat' dir='ltr'><strong>non&#39;</strong></span> 
     </span>
    </p>
   </div>
   <div class='ocr_carea' id='block_1_9' title="bbox 411 2150 2645 2673">
    <p class='ocr_par' dir='ltr' id='par_1_10' title="bbox 411 2150 2645 2673">
     <span class='ocr_line' id='line_1_20' title="bbox 491 2150 2644 2237; baseline 0 -21"><span class='ocrx_word' id='word_1_138' title='bbox 491 2153 1102 2218; x_wconf 82' lang='lat' dir='ltr'><strong>offendebantur</strong></span> <span class='ocrx_word' id='word_1_139' title='bbox 1145 2150 1492 2219; x_wconf 85' lang='lat' dir='ltr'><strong>homines</strong></span> <span class='ocrx_word' id='word_1_140' title='bbox 1539 2175 1751 2237; x_wconf 88' lang='lat' dir='ltr'><strong>neque</strong></span> <span class='ocrx_word' id='word_1_141' title='bbox 1787 2154 2057 2216; x_wconf 89' lang='lat' dir='ltr'><strong>moleste</strong></span> <span class='ocrx_word' id='word_1_142' title='bbox 2092 2153 2386 2218; x_wconf 87' lang='lat' dir='ltr'><strong>ferebant</strong></span> <span class='ocrx_word' id='word_1_143' title='bbox 2423 2153 2644 2217; x_wconf 89' lang='lat' dir='ltr'><strong>abesse</strong></span> 
     </span>
     <span class='ocr_line' id='line_1_21' title="bbox 492 2242 2643 2344; baseline 0.001 -22"><span class='ocrx_word' id='word_1_144' title='bbox 492 2282 530 2322; x_wconf 90' lang='lat' dir='ltr'><strong>a</strong></span> <span class='ocrx_word' id='word_1_145' title='bbox 564 2259 707 2322; x_wconf 86' lang='lat' dir='ltr'><strong>foro</strong></span> <span class='ocrx_word' id='word_1_146' title='bbox 747 2259 1226 2344; x_wconf 78' lang='lat' dir='ltr'><strong>magistratum,</strong></span> <span class='ocrx_word' id='word_1_147' title='bbox 1261 2282 1394 2324; x_wconf 88' lang='lat' dir='ltr'><strong>non</strong></span> <span class='ocrx_word' id='word_1_148' title='bbox 1429 2260 1530 2324; x_wconf 90' lang='lat' dir='ltr'><strong>ius</strong></span> <span class='ocrx_word' id='word_1_149' title='bbox 1579 2259 1734 2343; x_wconf 88' lang='lat' dir='ltr'><strong>dici,</strong></span> <span class='ocrx_word' id='word_1_150' title='bbox 1769 2281 1916 2334; x_wconf 30' lang='lat' dir='ltr'><strong>non·</strong></span> <span class='ocrx_word' id='word_1_151' title='bbox 1938 2259 2176 2324; x_wconf 90' lang='lat' dir='ltr'><strong>iudicia</strong></span> <span class='ocrx_word' id='word_1_152' title='bbox 2212 2242 2381 2344; x_wconf 80' lang='lat' dir='ltr'><strong>fieri3</strong></span> <span class='ocrx_word' id='word_1_153' title='bbox 2425 2260 2643 2324; x_wconf 90' lang='lat' dir='ltr'><strong>locum</strong></span> 
     </span>
     <span class='ocr_line' id='line_1_22' title="bbox 417 2365 2644 2453; baseline 0.001 -22"><span class='ocrx_word' id='word_1_154' title='bbox 417 2415 425 2423; x_wconf 89' lang='lat'><strong>.</strong></span> <span class='ocrx_word' id='word_1_155' title='bbox 489 2365 676 2431; x_wconf 90' lang='lat' dir='ltr'><strong>illum</strong></span> <span class='ocrx_word' id='word_1_156' title='bbox 734 2365 944 2432; x_wconf 85' lang='lat' dir='ltr'><strong>litoris</strong></span> <span class='ocrx_word' id='word_1_157' title='bbox 1008 2388 1382 2453; x_wconf 88' lang='lat' dir='ltr'><strong>percrepare</strong></span> <span class='ocrx_word' id='word_1_158' title='bbox 1437 2369 1650 2432; x_wconf 87' lang='lat' dir='ltr'><strong>totum</strong></span> <span class='ocrx_word' id='word_1_159' title='bbox 1707 2366 2051 2432; x_wconf 87' lang='lat' dir='ltr'><strong>mulierum</strong></span> <span class='ocrx_word' id='word_1_160' title='bbox 2105 2367 2374 2432; x_wconf 78' lang='lat' dir='ltr'><strong>vocibus</strong></span> <span class='ocrx_word' id='word_1_161' title='bbox 2424 2370 2644 2433; x_wconf 81' lang='lat' dir='ltr'><strong>cantu·</strong></span> 
     </span>
     <span class='ocr_line' id='line_1_23' title="bbox 491 2469 2645 2559; baseline 0 -21"><span class='ocrx_word' id='word_1_162' title='bbox 491 2495 617 2558; x_wconf 88' lang='lat' dir='ltr'><strong>que</strong></span> <span class='ocrx_word' id='word_1_163' title='bbox 672 2469 1122 2559; x_wconf 77' lang='lat' dir='ltr'><strong>symphoniae,</strong></span> <span class='ocrx_word' id='word_1_164' title='bbox 1174 2475 1246 2538; x_wconf 88' lang='lat' dir='ltr'><strong>in</strong></span> <span class='ocrx_word' id='word_1_165' title='bbox 1297 2475 1439 2540; x_wconf 85' lang='lat' dir='ltr'><strong>foro</strong></span> <span class='ocrx_word' id='word_1_166' title='bbox 1488 2474 1818 2541; x_wconf 89' lang='lat' dir='ltr'><strong>silentium</strong></span> <span class='ocrx_word' id='word_1_167' title='bbox 1866 2496 2005 2540; x_wconf 88' lang='lat' dir='ltr'><strong>esse</strong></span> <span class='ocrx_word' id='word_1_168' title='bbox 2051 2496 2377 2540; x_wconf 89' lang='lat' dir='ltr'><strong>summum</strong></span> <span class='ocrx_word' id='word_1_169' title='bbox 2425 2497 2645 2540; x_wconf 88' lang='lat' dir='ltr'><strong>causa-</strong></span> 
     </span>
     <span class='ocr_line' id='line_1_24' title="bbox 411 2569 2645 2673; baseline 0.002 -31"><span class='ocrx_word' id='word_1_170' title='bbox 411 2601 464 2641; x_wconf 75' lang='lat'><strong>80</strong></span> <span class='ocrx_word' id='word_1_171' title='bbox 488 2603 634 2668; x_wconf 84' lang='lat' dir='ltr'><strong>rum</strong></span> <span class='ocrx_word' id='word_1_172' title='bbox 707 2584 901 2665; x_wconf 87' lang='lat' dir='ltr'><strong>atque</strong></span> <span class='ocrx_word' id='word_1_173' title='bbox 971 2581 1131 2646; x_wconf 90' lang='lat' dir='ltr'><strong>iuris</strong></span> <span class='ocrx_word' id='word_1_174' title='bbox 1194 2604 1329 2647; x_wconf 88' lang='lat' dir='ltr'><strong>non</strong></span> <span class='ocrx_word' id='word_1_175' title='bbox 1389 2583 1683 2647; x_wconf 82' lang='lat' dir='ltr'><strong>ferebant</strong></span> <span class='ocrx_word' id='word_1_176' title='bbox 1754 2569 2058 2648; x_wconf 74' lang='lat' dir='ltr'><strong>Homines</strong></span> <span class='ocrx_word' id='word_1_177' title='bbox 2124 2578 2420 2667; x_wconf 80' lang='lat' dir='ltr'><strong>moleste3</strong></span> <span class='ocrx_word' id='word_1_178' title='bbox 2493 2604 2645 2673; x_wconf 86' lang='lat' dir='ltr'><strong>non</strong></span> 
     </span>
    </p>
   </div>
   <div class='ocr_carea' id='block_1_10' title="bbox 490 2688 2746 2784">
    <p class='ocr_par' dir='ltr' id='par_1_11' title="bbox 490 2688 2746 2784">
     <span class='ocr_line' id='line_1_25' title="bbox 490 2688 2746 2784; baseline 0.001 -32"><span class='ocrx_word' id='word_1_179' title='bbox 490 2688 688 2752; x_wconf 89' lang='lat' dir='ltr'><strong>enim</strong></span> <span class='ocrx_word' id='word_1_180' title='bbox 748 2688 867 2753; x_wconf 90' lang='lat' dir='ltr'><strong>ius</strong></span> <span class='ocrx_word' id='word_1_181' title='bbox 925 2690 1199 2755; x_wconf 88' lang='lat' dir='ltr'><strong>abesse·</strong></span> <span class='ocrx_word' id='word_1_182' title='bbox 1246 2689 1586 2755; x_wconf 81' lang='lat' dir='ltr'><strong>videbatur</strong></span> <span class='ocrx_word' id='word_1_183' title='bbox 1642 2713 1680 2753; x_wconf 91' lang='lat' dir='ltr'><strong>a</strong></span> <span class='ocrx_word' id='word_1_184' title='bbox 1733 2690 1875 2784; x_wconf 90' lang='lat' dir='ltr'><strong>foro</strong></span> <span class='ocrx_word' id='word_1_185' title='bbox 1932 2712 2140 2774; x_wconf 87' lang='lat' dir='ltr'><strong>neque</strong></span> <span class='ocrx_word' id='word_1_186' title='bbox 2195 2689 2459 2774; x_wconf 86' lang='lat' dir='ltr'><strong>iudicia,</strong></span> <span class='ocrx_word' id='word_1_187' title='bbox 2514 2689 2641 2767; x_wconf 83' lang='lat' dir='ltr'><strong>sed</strong></span> <span class='ocrx_word' id='word_1_188' title='bbox 2741 2702 2746 2706; x_wconf 85' lang='grc'><em>’</em></span> 
     </span>
    </p>
   </div>
   <div class='ocr_carea' id='block_1_11' title="bbox 411 2793 2645 4042">
    <p class='ocr_par' dir='ltr' id='par_1_12' title="bbox 411 2793 2645 4042">
     <span class='ocr_line' id='line_1_26' title="bbox 487 2793 2640 2882; baseline 0.002 -25"><span class='ocrx_word' id='word_1_189' title='bbox 487 2793 602 2858; x_wconf 78' lang='lat' dir='ltr'><strong>vis</strong></span> <span class='ocrx_word' id='word_1_190' title='bbox 651 2799 724 2858; x_wconf 95' lang='lat' dir='ltr'><strong>et</strong></span> <span class='ocrx_word' id='word_1_191' title='bbox 772 2797 1194 2861; x_wconf 90' lang='lat' dir='ltr'><strong>crudelitas</strong></span> <span class='ocrx_word' id='word_1_192' title='bbox 1233 2800 1297 2860; x_wconf 89' lang='lat' dir='ltr'><strong>et</strong></span> <span class='ocrx_word' id='word_1_193' title='bbox 1325 2797 1645 2861; x_wconf 88' lang='lat' dir='ltr'><strong>bonorum</strong></span> <span class='ocrx_word' id='word_1_194' title='bbox 1684 2798 1913 2862; x_wconf 89' lang='lat' dir='ltr'><strong>acerba</strong></span> <span class='ocrx_word' id='word_1_195' title='bbox 1950 2801 2015 2861; x_wconf 91' lang='lat' dir='ltr'><strong>et</strong></span> <span class='ocrx_word' id='word_1_196' title='bbox 2033 2797 2316 2882; x_wconf 29' lang='lat' dir='ltr'><strong>‘indigna</strong></span> <span class='ocrx_word' id='word_1_197' title='bbox 2349 2797 2640 2880; x_wconf 74' lang='lat' dir='ltr'><strong>direptio.</strong></span> 
     </span>
     <span class='ocr_line' id='line_1_27' title="bbox 667 2900 2643 2986; baseline 0.001 -22"><span class='ocrx_word' id='word_1_198' title='bbox 667 2900 862 2965; x_wconf 91' lang='lat' dir='ltr'><strong>Hunc</strong></span> <span class='ocrx_word' id='word_1_199' title='bbox 907 2905 980 2965; x_wconf 84' lang='lat' dir='ltr'><strong>tu</strong></span> <span class='ocrx_word' id='word_1_200' title='bbox 1025 2901 1227 2986; x_wconf 87' lang='lat' dir='ltr'><strong>igitur</strong></span> <span class='ocrx_word' id='word_1_201' title='bbox 1261 2902 1715 2984; x_wconf 91' lang='lat' dir='ltr'><strong>imperatorem</strong></span> <span class='ocrx_word' id='word_1_202' title='bbox 1753 2923 1891 2967; x_wconf 88' lang='lat' dir='ltr'><strong>esse</strong></span> <span class='ocrx_word' id='word_1_203' title='bbox 1929 2902 2246 2985; x_wconf 86' lang='lat' dir='ltr'><strong>defendis,</strong></span> <span class='ocrx_word' id='word_1_204' title='bbox 2290 2900 2643 2966; x_wconf 78' lang='lat' dir='ltr'><strong>Hortensi?</strong></span> 
     </span>
     <span class='ocr_line' id='line_1_28' title="bbox 490 3002 2645 3093; baseline 0 -21"><span class='ocrx_word' id='word_1_205' title='bbox 490 3006 704 3072; x_wconf 88' lang='lat' dir='ltr'><strong>Huius</strong></span> <span class='ocrx_word' id='word_1_206' title='bbox 730 3007 932 3089; x_wconf 82' lang='lat' dir='ltr'><strong>furta,</strong></span> <span class='ocrx_word' id='word_1_207' title='bbox 957 3006 1243 3090; x_wconf 86' lang='lat' dir='ltr'><strong>rapinas,</strong></span> <span class='ocrx_word' id='word_1_208' title='bbox 1280 3007 1729 3090; x_wconf 87' lang='lat' dir='ltr'><strong>cupiditatem,</strong></span> <span class='ocrx_word' id='word_1_209' title='bbox 1757 3006 2199 3072; x_wconf 86' lang='lat' dir='ltr'><strong>crudelitatem</strong></span> <span class='ocrx_word' id='word_1_210' title='bbox 2212 3057 2230 3091; x_wconf 87' lang='lat'><strong>,</strong></span> <span class='ocrx_word' id='word_1_211' title='bbox 2251 3002 2645 3093; x_wconf 82' lang='lat' dir='ltr'><strong>superbiam,</strong></span> 
     </span>
     <span class='ocr_line' id='line_1_29' title="bbox 412 3103 2643 3199; baseline 0.002 -25"><span class='ocrx_word' id='word_1_212' title='bbox 412 3134 463 3175; x_wconf 76' lang='lat'><strong>2⁶</strong></span> <span class='ocrx_word' id='word_1_213' title='bbox 493 3115 731 3197; x_wconf 91' lang='lat' dir='ltr'><strong>scelus,</strong></span> <span class='ocrx_word' id='word_1_214' title='bbox 777 3113 1109 3178; x_wconf 88' lang='lat' dir='ltr'><strong>audaciam</strong></span> <span class='ocrx_word' id='word_1_215' title='bbox 1155 3135 1370 3177; x_wconf 86' lang='lat' dir='ltr'><strong>rerum</strong></span> <span class='ocrx_word' id='word_1_216' title='bbox 1416 3117 1746 3199; x_wconf 85' lang='lat' dir='ltr'><strong>gestarum</strong></span> <span class='ocrx_word' id='word_1_217' title='bbox 1793 3103 2238 3199; x_wconf 79' lang='lat' dir='ltr'><strong>magnitudine</strong></span> <span class='ocrx_word' id='word_1_218' title='bbox 2286 3114 2480 3199; x_wconf 86' lang='lat' dir='ltr'><strong>atque</strong></span> <span class='ocrx_word' id='word_1_219' title='bbox 2526 3115 2643 3178; x_wconf 92' lang='lat' dir='ltr'><strong>im·</strong></span> 
     </span>
     <span class='ocr_line' id='line_1_30' title="bbox 490 3219 2639 3305; baseline 0 -19"><span class='ocrx_word' id='word_1_220' title='bbox 490 3220 828 3305; x_wconf 89' lang='lat' dir='ltr'><strong>peratoriis</strong></span> <span class='ocrx_word' id='word_1_221' title='bbox 872 3220 1171 3286; x_wconf 88' lang='lat' dir='ltr'><strong>laudibus</strong></span> <span class='ocrx_word' id='word_1_222' title='bbox 1218 3224 1434 3305; x_wconf 84' lang='lat' dir='ltr'><strong>tegere</strong></span> <span class='ocrx_word' id='word_1_223' title='bbox 1482 3221 1777 3286; x_wconf 78' lang='lat' dir='ltr'><strong>conaris?</strong></span> <span class='ocrx_word' id='word_1_224' title='bbox 1847 3219 1975 3285; x_wconf 83' lang='lat' dir='ltr'><strong>Hic</strong></span> <span class='ocrx_word' id='word_1_225' title='bbox 2022 3220 2267 3286; x_wconf 89' lang='lat' dir='ltr'><strong>scilicet</strong></span> <span class='ocrx_word' id='word_1_226' title='bbox 2308 3224 2411 3286; x_wconf 79' lang='lat' dir='ltr'><strong>&#39;est</strong></span> <span class='ocrx_word' id='word_1_227' title='bbox 2439 3224 2639 3286; x_wconf 88' lang='lat' dir='ltr'><strong>metu·</strong></span> 
     </span>
     <span class='ocr_line' id='line_1_31' title="bbox 491 3316 2642 3412; baseline 0 -20"><span class='ocrx_word' id='word_1_228' title='bbox 491 3328 756 3412; x_wconf 90' lang='lat' dir='ltr'><strong>endum,</strong></span> <span class='ocrx_word' id='word_1_229' title='bbox 791 3350 874 3392; x_wconf 92' lang='lat' dir='ltr'><strong>ne</strong></span> <span class='ocrx_word' id='word_1_230' title='bbox 910 3327 989 3392; x_wconf 89' lang='lat' dir='ltr'><strong>ad</strong></span> <span class='ocrx_word' id='word_1_231' title='bbox 1027 3327 1272 3392; x_wconf 85' lang='lat' dir='ltr'><strong>exitum</strong></span> <span class='ocrx_word' id='word_1_232' title='bbox 1310 3326 1700 3392; x_wconf 87' lang='lat' dir='ltr'><strong>defensionis</strong></span> <span class='ocrx_word' id='word_1_233' title='bbox 1738 3331 1887 3393; x_wconf 86' lang='lat' dir='ltr'><strong>tuae</strong></span> <span class='ocrx_word' id='word_1_234' title='bbox 1915 3332 2101 3393; x_wconf 83' lang='lat' dir='ltr'><strong>vetus</strong></span> <span class='ocrx_word' id='word_1_235' title='bbox 2129 3328 2244 3392; x_wconf 89' lang='lat' dir='ltr'><strong>illa</strong></span> <span class='ocrx_word' id='word_1_236' title='bbox 2270 3316 2642 3393; x_wconf 75' lang='lat' dir='ltr'><strong>Antoniana</strong></span> 
     </span>
     <span class='ocr_line' id='line_1_32' title="bbox 490 3417 2642 3520; baseline 0 -20"><span class='ocrx_word' id='word_1_237' title='bbox 490 3435 744 3500; x_wconf 91' lang='lat' dir='ltr'><strong>dicendi</strong></span> <span class='ocrx_word' id='word_1_238' title='bbox 813 3435 978 3499; x_wconf 79' lang='lat' dir='ltr'><strong>ratio</strong></span> <span class='ocrx_word' id='word_1_239' title='bbox 1053 3438 1246 3519; x_wconf 90' lang='lat' dir='ltr'><strong>atque</strong></span> <span class='ocrx_word' id='word_1_240' title='bbox 1312 3434 1661 3500; x_wconf 88' lang='lat' dir='ltr'><strong>auctoritas</strong></span> <span class='ocrx_word' id='word_1_241' title='bbox 1724 3436 2117 3520; x_wconf 81' lang='lat' dir='ltr'><strong>proferatur,</strong></span> <span class='ocrx_word' id='word_1_242' title='bbox 2179 3458 2262 3500; x_wconf 91' lang='lat' dir='ltr'><strong>ne</strong></span> <span class='ocrx_word' id='word_1_243' title='bbox 2311 3417 2642 3500; x_wconf 74' lang='lat' dir='ltr'><strong>excitetur</strong></span> 
     </span>
     <span class='ocr_line' id='line_1_33' title="bbox 489 3540 2639 3627; baseline 0 -21"><span class='ocrx_word' id='word_1_244' title='bbox 489 3542 748 3625; x_wconf 90' lang='lat' dir='ltr'><strong>Verres,</strong></span> <span class='ocrx_word' id='word_1_245' title='bbox 811 3565 893 3607; x_wconf 88' lang='grc'><strong>110</strong></span> <span class='ocrx_word' id='word_1_246' title='bbox 957 3540 1318 3606; x_wconf 86' lang='lat' dir='ltr'><strong>denudetur</strong></span> <span class='ocrx_word' id='word_1_247' title='bbox 1379 3565 1417 3605; x_wconf 90' lang='lat' dir='ltr'><strong>a</strong></span> <span class='ocrx_word' id='word_1_248' title='bbox 1478 3547 1769 3626; x_wconf 88' lang='lat' dir='ltr'><strong>pectore,</strong></span> <span class='ocrx_word' id='word_1_249' title='bbox 1831 3566 1913 3608; x_wconf 89' lang='lat' dir='ltr'><strong>ne</strong></span> <span class='ocrx_word' id='word_1_250' title='bbox 1973 3542 2299 3607; x_wconf 84' lang='lat' dir='ltr'><strong>cicatrices</strong></span> <span class='ocrx_word' id='word_1_251' title='bbox 2359 3544 2639 3627; x_wconf 91' lang='lat' dir='ltr'><strong>populus</strong></span> 
     </span>
     <span class='ocr_line' id='line_1_34' title="bbox 411 3647 2636 3735; baseline 0.002 -25"><span class='ocrx_word' id='word_1_252' title='bbox 411 3669 464 3709; x_wconf 73' lang='lat'><strong>³0</strong></span> <span class='ocrx_word' id='word_1_253' title='bbox 491 3647 821 3713; x_wconf 88' lang='lat' dir='ltr'><strong>Romanus</strong></span> <span class='ocrx_word' id='word_1_254' title='bbox 879 3647 1176 3732; x_wconf 88' lang='lat' dir='ltr'><strong>aspiciat,</strong></span> <span class='ocrx_word' id='word_1_255' title='bbox 1231 3670 1311 3712; x_wconf 86' lang='lat' dir='ltr'><strong>ex</strong></span> <span class='ocrx_word' id='word_1_256' title='bbox 1365 3650 1709 3714; x_wconf 90' lang='lat' dir='ltr'><strong>mulierum</strong></span> <span class='ocrx_word' id='word_1_257' title='bbox 1766 3671 1986 3714; x_wconf 90' lang='lat' dir='ltr'><strong>morsu</strong></span> <span class='ocrx_word' id='word_1_258' title='bbox 2031 3650 2306 3735; x_wconf 83' lang='lat' dir='ltr'><strong>vestigia</strong></span> <span class='ocrx_word' id='word_1_259' title='bbox 2349 3649 2636 3714; x_wconf 89' lang='lat' dir='ltr'><strong>libidinis</strong></span> 
     </span>
     <span class='ocr_line' id='line_1_35' title="bbox 491 3742 2148 3840; baseline -0.002 -20"><span class='ocrx_word' id='word_1_260' title='bbox 491 3759 685 3838; x_wconf 90' lang='lat' dir='ltr'><strong>atque</strong></span> <span class='ocrx_word' id='word_1_261' title='bbox 729 3755 1074 3840; x_wconf 88' lang='lat' dir='ltr'><strong>nequitiae.</strong></span> <span class='ocrx_word' id='word_1_262' title='bbox 2143 3742 2148 3748; x_wconf 46' lang='lat'><strong>⁴</strong></span> 
     </span>
     <span class='ocr_line' id='line_1_36' title="bbox 667 3862 2640 3947; baseline 0.001 -20"><span class='ocrx_word' id='word_1_263' title='bbox 667 3863 816 3928; x_wconf 71' lang='lat' dir='ltr'><strong>‘Von</strong></span> <span class='ocrx_word' id='word_1_264' title='bbox 869 3865 987 3927; x_wconf 78' lang='lat' dir='ltr'><strong>den</strong></span> <span class='ocrx_word' id='word_1_265' title='bbox 1045 3862 1477 3946; x_wconf 69' lang='lat' dir='ltr'><strong>Veryehunqm</strong></span> <span class='ocrx_word' id='word_1_266' title='bbox 1531 3866 1638 3929; x_wconf 79' lang='lat' dir='ltr'><strong>des</strong></span> <span class='ocrx_word' id='word_1_267' title='bbox 1707 3864 1921 3930; x_wconf 80' lang='lat' dir='ltr'><strong>Verres</strong></span> <span class='ocrx_word' id='word_1_268' title='bbox 1974 3866 2064 3928; x_wconf 82' lang='lat' dir='ltr'><strong>im</strong></span> <span class='ocrx_word' id='word_1_269' title='bbox 2119 3863 2455 3947; x_wconf 74' lang='lat' dir='ltr'><strong>Feldlayer</strong></span> <span class='ocrx_word' id='word_1_270' title='bbox 2504 3866 2640 3929; x_wconf 77' lang='lat' dir='ltr'><strong>und</strong></span> 
     </span>
     <span class='ocr_line' id='line_1_37' title="bbox 490 3970 2545 4042; baseline 0 -8"><span class='ocrx_word' id='word_1_271' title='bbox 490 3970 788 4036; x_wconf 74' lang='lat' dir='ltr'><strong>wc’ihrend</strong></span> <span class='ocrx_word' id='word_1_272' title='bbox 833 3971 942 4035; x_wconf 79' lang='lat' dir='ltr'><strong>der</strong></span> <span class='ocrx_word' id='word_1_273' title='bbox 985 3971 1356 4035; x_wconf 73' lang='lat' dir='ltr'><strong>stc&#39;idtischen</strong></span> <span class='ocrx_word' id='word_1_274' title='bbox 1395 3970 1639 4036; x_wconf 77' lang='lat' dir='ltr'><strong>Prc‘itur</strong></span> <span class='ocrx_word' id='word_1_275' title='bbox 1682 3970 1798 4035; x_wconf 85' lang='lat' dir='ltr'><strong>soll</strong></span> <span class='ocrx_word' id='word_1_276' title='bbox 1840 3973 2012 4036; x_wconf 79' lang='lat' dir='ltr'><strong>nicht</strong></span> <span class='ocrx_word' id='word_1_277' title='bbox 2055 3973 2155 4037; x_wconf 81' lang='lat' dir='ltr'><strong>die</strong></span> <span class='ocrx_word' id='word_1_278' title='bbox 2192 3971 2360 4036; x_wconf 67' lang='lat' dir='ltr'><strong>Reda</strong></span> <span class='ocrx_word' id='word_1_279' title='bbox 2395 3973 2545 4042; x_wconf 75' lang='lat' dir='ltr'><strong>sein.</strong></span> 
     </span>
    </p>
   </div>
   <div class='ocr_carea' id='block_1_12' title="bbox 2681 2897 2746 2965">
    <p class='ocr_par' dir='ltr' id='par_1_13' title="bbox 2681 2897 2746 2965">
     <span class='ocr_line' id='line_1_38' title="bbox 2681 2897 2746 2965; baseline -0.015 0"><span class='ocrx_word' id='word_1_280' title='bbox 2681 2897 2746 2965; x_wconf 75' lang='lat'><strong>32</strong></span> 
     </span>
    </p>
   </div>
   <div class='ocr_carea' id='block_1_13' title="bbox 2675 3878 2743 4015">
    <p class='ocr_par' dir='ltr' id='par_1_14' title="bbox 2675 3878 2743 4015">
     <span class='ocr_line' id='line_1_39' title="bbox 2676 3878 2743 3926; baseline 0 0"><span class='ocrx_word' id='word_1_281' title='bbox 2676 3878 2743 3926; x_wconf 77' lang='lat'><strong>33</strong></span> 
     </span>
     <span class='ocr_line' id='line_1_40' title="bbox 2675 3966 2743 4015; baseline -0.015 0"><span class='ocrx_word' id='word_1_282' title='bbox 2675 3966 2743 4015; x_wconf 83' lang='lat'><strong>34</strong></span> 
     </span>
    </p>
   </div>
   <div class='ocr_carea' id='block_1_14' title="bbox 669 4075 2742 4155">
    <p class='ocr_par' dir='ltr' id='par_1_15' title="bbox 669 4075 2742 4155">
     <span class='ocr_line' id='line_1_41' title="bbox 669 4075 2742 4155; baseline -0.002 -14"><span class='ocrx_word' id='word_1_283' title='bbox 669 4075 722 4141; x_wconf 90' lang='lat' dir='ltr'>O</span> <span class='ocrx_word' id='word_1_284' title='bbox 781 4076 846 4141; x_wconf 88' lang='lat' dir='ltr'><strong>di</strong></span> <span class='ocrx_word' id='word_1_285' title='bbox 904 4077 1328 4142; x_wconf 70' lang='lat' dir='ltr'><strong>immortalesl</strong></span> <span class='ocrx_word' id='word_1_286' title='bbox 1421 4077 1589 4155; x_wconf 80' lang='lat' dir='ltr'><strong>Quid</strong></span> <span class='ocrx_word' id='word_1_287' title='bbox 1646 4078 1914 4143; x_wconf 85' lang='lat' dir='ltr'><strong>interest</strong></span> <span class='ocrx_word' id='word_1_288' title='bbox 1967 4079 2138 4143; x_wconf 86' lang='lat' dir='ltr'><strong>inter</strong></span> <span class='ocrx_word' id='word_1_289' title='bbox 2211 4080 2458 4141; x_wconf 86' lang='lat' dir='ltr'><strong>mentes</strong></span> <span class='ocrx_word' id='word_1_290' title='bbox 2522 4075 2635 4138; x_wconf 89' lang='lat' dir='ltr'><strong>ho·</strong></span> <span class='ocrx_word' id='word_1_291' title='bbox 2674 4090 2742 4138; x_wconf 82' lang='lat'><strong>35</strong></span> 
     </span>
    </p>
   </div>
   <div class='ocr_carea' id='block_1_15' title="bbox 414 4181 2636 4270">
    <p class='ocr_par' dir='ltr' id='par_1_16' title="bbox 414 4181 2636 4270">
     <span class='ocr_line' id='line_1_42' title="bbox 414 4181 2636 4270; baseline 0.001 -27"><span class='ocrx_word' id='word_1_292' title='bbox 414 4202 466 4242; x_wconf 74' lang='lat'><strong>85</strong></span> <span class='ocrx_word' id='word_1_293' title='bbox 494 4181 739 4247; x_wconf 90' lang='lat' dir='ltr'><strong>minum</strong></span> <span class='ocrx_word' id='word_1_294' title='bbox 778 4187 843 4247; x_wconf 88' lang='lat' dir='ltr'><strong>et</strong></span> <span class='ocrx_word' id='word_1_295' title='bbox 879 4185 1330 4270; x_wconf 83' lang='lat' dir='ltr'><strong>cogitationes!</strong></span> <span class='ocrx_word' id='word_1_296' title='bbox 1399 4183 1500 4249; x_wconf 88' lang='lat' dir='ltr'><strong>Ita</strong></span> <span class='ocrx_word' id='word_1_297' title='bbox 1536 4184 1698 4249; x_wconf 89' lang='lat' dir='ltr'><strong>mihi</strong></span> <span class='ocrx_word' id='word_1_298' title='bbox 1735 4207 1943 4249; x_wconf 90' lang='lat' dir='ltr'><strong>meam</strong></span> <span class='ocrx_word' id='word_1_299' title='bbox 1980 4186 2382 4249; x_wconf 78' lang='lat' dir='ltr'><strong>voluntatem</strong></span> <span class='ocrx_word' id='word_1_300' title='bbox 2430 4203 2636 4265; x_wconf 92' lang='lat' dir='ltr'><strong>spem-</strong></span> 
     </span>
    </p>
   </div>
   <div class='ocr_carea' id='block_1_16' title="bbox 603 4305 2206 4360">
    <p class='ocr_par' dir='ltr' id='par_1_17' title="bbox 603 4305 2206 4360">
     <span class='ocr_line' id='line_1_43' title="bbox 603 4305 2206 4360; baseline 0.003 -14"><span class='ocrx_word' id='word_1_301' title='bbox 603 4305 787 4347; x_wconf 81' lang='lat' dir='ltr'><strong>Ciceros</strong></span> <span class='ocrx_word' id='word_1_302' title='bbox 816 4308 1069 4360; x_wconf 68' lang='lat' dir='ltr'><strong>Veri-inan,</strong></span> <span class='ocrx_word' id='word_1_303' title='bbox 1096 4321 1136 4348; x_wconf 81' lang='lat' dir='ltr'><strong>v.</strong></span> <span class='ocrx_word' id='word_1_304' title='bbox 1157 4309 1317 4350; x_wconf 77' lang='lat' dir='ltr'><strong>Batdt.</strong></span> <span class='ocrx_word' id='word_1_305' title='bbox 1361 4309 1491 4349; x_wconf 79' lang='lat' dir='ltr'><strong>Text.</strong></span> <span class='ocrx_word' id='word_1_306' title='bbox 2175 4312 2206 4359; x_wconf 84' lang='grc'>6</span> 
     </span>
    </p>
   </div>
  </div>
 </body>
</html>
