3175 4800
1437 379 1503 428 99
1518 407 1582 414 -
1599 377 1717 429 103.
2557 379 2643 444 55

499 537 799 620 inquam,
839 535 1178 621 adamasti,
1224 539 1394 620 quod
1443 542 1632 602 antea
1674 560 1809 603 non
1854 560 2218 623 aspexeras3
2264 539 2524 603 auribus
2571 543 2645 604 tu

499 646 746 708 tantam
807 644 1224 727 cupiditatem
1282 645 1662 729 concepisti,
1719 649 1794 709 ut
1848 668 1989 710 eam
2042 668 2177 711 non
2222 650 2460 730 metuS,
2513 667 2647 710 non

498 750 756 835 religio,
806 772 942 814 non
996 751 1261 815 deorum
1319 752 1446 836 vis,
1499 774 1633 817 non
1676 752 2014 817 hominum
2061 753 2449 818 existimatio
2497 775 2644 818 con-

498 856 747 922 tineret.
853 856 945 922 At
1004 880 1092 923 ex
1148 859 1346 923 bono
1406 859 1603 941 viro,
1661 858 1879 943 credo,
1938 860 2288 924 audieras
2344 863 2408 923 et
2471 860 2642 923 bono

444 985 472 1025 ⁶
500 967 776 1059 auctore.
870 964 997 1041 Qui
1055 965 1120 1029 id
1180 969 1393 1049 potes,
1456 965 1567 1048 qui
1627 988 1708 1029 ne
1769 988 1849 1030 ex
1905 967 2042 1031 viro
2105 966 2363 1049 quidem
2424 966 2643 1030 audire

499 1070 830 1154 potueris?
919 1071 1180 1137 Audisti
1242 1073 1443 1157 igitur
1497 1094 1585 1136 ex
1645 1074 1992 1156 muliere,
2052 1073 2354 1157 quoniam
2411 1073 2477 1137 id
2522 1072 2646 1137 viri

497 1199 618 1242 nec
672 1177 906 1243 vidisse
959 1200 1168 1262 neque
1228 1200 1419 1244 nosse
1472 1182 1787 1263 poterant.
1889 1179 2158 1256 Qualem
2217 1202 2409 1264 porro
2464 1181 2643 1245 illam

498 1284 804 1349 feminam
840 1285 1039 1350 fuisse
1076 1285 1348 1369 putatis,
1391 1285 1663 1369 iudices,
1700 1308 1893 1369 quam
1930 1286 2259 1370 pudicam,
2295 1309 2459 1370 quae
2497 1309 2644 1352 cum

501 1390 702 1456 Verre
737 1393 1136 1475 loqueretur,
1173 1414 1366 1476 quam
1402 1393 1801 1478 religiosam,
1838 1416 2000 1477 quae
2038 1394 2296 1458 sacrarii
2325 1394 2646 1478 spoliandi

419 1519 474 1560 10
497 1499 813 1564 rationem
862 1499 1268 1564 ostenderet?
1339 1498 1437 1564 Ac
1484 1500 1748 1564 minime
1796 1501 2060 1584 mirum,
2108 1522 2269 1585 quae
2316 1522 2495 1566 sacra
2531 1523 2646 1584 per

499 1628 817 1671 summam
864 1606 1309 1672 castimoniam
1345 1606 1631 1670 virorum
1679 1628 1754 1670 ac
1798 1606 2142 1671 mulierum
2189 1608 2376 1690 fiant,
2422 1607 2643 1671 eadem

499 1735 615 1796 per
656 1714 844 1777 istius
892 1716 1188 1796 stuprum
1235 1734 1309 1777 ac
1355 1712 1675 1799 flagitium
1723 1734 1861 1778 esse
1905 1713 2163 1777 violata.

678 1817 848 1895 Quid
904 1818 1102 1906 ergo‘?
1190 1818 1334 1885 Hoc
1394 1820 1606 1884 solum
1661 1819 1989 1884 auditione
2050 1823 2347 1905 expetere
2413 1820 2645 1904 coepit,

500 1946 647 1989 cum
692 1925 759 1989 id
804 1925 944 2009 ipse
987 1948 1122 1991 non
1167 1926 1474 1991 vidisset?
1552 1925 1762 1991 Immo
1808 1949 1961 1992 vero
2009 1928 2135 1992 alia
2182 1928 2518 2011 conplura3
2565 1949 2646 1991 ex

420 2052 472 2093 ιε
502 2032 734 2115 quibus
774 2033 1008 2119 eligam
1057 2020 1605 2117 spoliationem
1650 2035 2127 2099 nobilissimi
2173 2038 2399 2118 atque
2447 2034 2643 2099 anti-

502 2139 856 2222 quissimi
930 2140 1118 2222 fani,
1191 2140 1268 2204 de
1342 2162 1470 2223 qua
1540 2142 1755 2224 priore
1830 2140 2081 2204 actione
2162 2143 2359 2203 testes
2436 2139 2643 2204 dicere

502 2244 787 2309 audistis.
877 2245 1070 2311 Nunc
1126 2247 1347 2310 eadem
1402 2246 1544 2329 illa,
1602 2267 1837 2330 quaeso
1848 2295 1867 2329 ,
1913 2245 2128 2310 audite
2174 2249 2240 2309 et
2286 2245 2644 2332 diligenter,

500 2352 667 2418 sicut
711 2352 921 2419 adhuc
965 2352 1237 2437 fecistis,
1273 2353 1600 2419 attendite.
1673 2352 1938 2418 Insula
1984 2356 2100 2417 est
2144 2352 2439 2437 Melita,
2482 2353 2644 2418 iudi-

500 2482 633 2544 ces,
685 2461 840 2525 satis
904 2463 1038 2526 lato
1096 2485 1134 2526 a
1179 2459 1399 2527 Sicilia
1453 2462 1611 2525 mari
1672 2461 2162 2545 periculosoque
2209 2459 2520 2544 diiuncta3
2574 2463 2645 2526 in

418 2587 471 2628 πο
500 2589 628 2651 qua
700 2572 798 2632 est
870 2568 1094 2633 eodem
1166 2570 1428 2634 nomine
1493 2568 1833 2653 oppidum,
1906 2588 2033 2651 quo
2098 2567 2221 2631 iste
2287 2589 2641 2651 numquam

499 2675 793 2759 accessit,
862 2676 1034 2760 quod
1099 2680 1317 2741 tamen
1375 2677 1486 2741 isti
1547 2675 1901 2741 textrinum
1964 2697 2081 2759 per
2141 2675 2489 2742 triennium
2561 2675 2641 2740 ad

499 2782 877 2847 muliebrem
922 2788 1167 2847 vestem
1214 2784 1676 2848 conficiendam
1723 2782 1865 2847 fuit.
1948 2780 2052 2845 Ab
2101 2804 2175 2846 eo
2225 2781 2462 2866 oppido
2509 2804 2642 2847 non

497 2890 692 2974 longe
746 2888 816 2951 in
868 2890 1317 2971 promunturio
1371 2889 1631 2953 fanum
1688 2892 1784 2953 est
1837 2887 2156 2952 Iunonis
2213 2889 2643 2972 antiquum,

501 2994 677 3080 quod
737 2997 920 3058 tanta
980 2994 1291 3079 religione
1356 3015 1609 3077 semper
1670 2994 1823 3078 fuit,
1894 2998 1970 3058 ut
2039 3016 2173 3058 non
2245 2995 2437 3059 modo
2511 2996 2640 3058 illis

416 3120 472 3161 2⁶
501 3101 760 3166 Punicis
816 3100 1033 3183 bellis,
1089 3122 1251 3183 quae
1307 3099 1376 3164 in
1427 3100 1530 3164 his
1584 3100 1717 3165 fere
1762 3101 1922 3165 locis
1967 3101 2181 3165 navali
2228 3101 2415 3184 copia
2458 3105 2642 3186 gesta

501 3212 692 3292 atque
737 3212 990 3272 versata
1033 3213 1212 3291 sunt,
1257 3207 1368 3273 sed
1405 3208 1599 3272 etiam
1637 3207 1758 3272 hac
1793 3206 2189 3291 praedonum
2227 3208 2640 3273 multitudine

501 3337 753 3399 semper
808 3315 1191 3380 inviolatum
1251 3319 1671 3399 sanctumque
1729 3314 1940 3379 fuerit.
2033 3313 2205 3390 Quin
2263 3315 2457 3379 etiam
2514 3316 2641 3381 hoc

498 3423 843 3487 memoriae
889 3423 1214 3506 proditum
1262 3427 1387 3506 est,
1432 3424 1635 3487 classe
1681 3422 2005 3505 quondam
2050 3420 2424 3487 Masinissae
2467 3424 2638 3510 regis

498 3530 578 3594 ad
648 3553 795 3594 eum
864 3530 1080 3595 locum
1141 3530 1410 3614 adpulsa
1471 3528 1946 3613 praefectum
2011 3529 2305 3613 regium
2371 3530 2636 3595 dentes

418 3654 473 3696 ⁸0
500 3637 880 3701 eburneos
944 3636 1305 3701 incredibili
1370 3636 1813 3722 magnitudine
1880 3657 1913 3698 e
1976 3634 2153 3698 fano
2221 3637 2637 3702 sustulisse

499 3746 562 3807 et
600 3764 708 3806 eos
746 3742 816 3805 in
851 3740 1138 3807 Africam
1174 3747 1464 3825 portasse
1500 3743 2003 3825 Masinissaeque
2040 3741 2329 3807 donasse.
2391 3742 2637 3829 Regem

495 3850 705 3934 primo
761 3849 1148 3913 delectatum
1196 3871 1333 3915 esse
1379 3872 1668 3933 munere3
1722 3853 1899 3934 post,
1954 3849 2066 3913 ubi
2114 3849 2422 3933 audisset,
2466 3850 2636 3915 unde

497 3960 737 4040 essent,
782 3955 1000 4021 statim
1040 3960 1248 4021 certos
1283 3958 1575 4022 homines
1614 3958 1685 4020 in
1721 3957 2163 4041 quinqueremi
2202 3956 2479 4039 misisse,
2526 3958 2635 4039 qui

500 4084 607 4127 eos
672 4064 922 4136 dentes,
957 4068 1355 4146 reponerent.
1447 4063 1673 4147 Itaque
1737 4065 1810 4130 in·
1871 4064 1961 4128 eis
2027 4064 2339 4147 scriptum
2400 4063 2633 4126 litteris

422 4184 474 4225 ⁸⁶
501 4166 757 4234 Punicis
803 4171 929 4235 fuit
964 4193 1183 4257 regem
1220 4171 1627 4236 Masinissam
1662 4170 2135 4254 imprudentem
2173 4168 2520 4251 accepisse,
2565 4191 2634 4231 re

2685 879 2785 928 102

2684 2360 2786 2409 103
