3175 4800
1415 364 1596 413 163-
1613 363 1730 412 170.
2517 323 2645 423 11⁷9

498 521 743 604 cipem
791 518 1248 604 Consanum,
1305 543 1456 586 non
1511 522 2078 605 speculatorem
2133 518 2645 605 fugitivorum

496 627 759 692 fuisse.
1943 637 1953 646 ⁴

672 734 752 799 N
744 734 897 800 ichts
940 735 1089 817 half
1122 737 1261 801 dem
1314 733 1556 799 Gavius
1602 735 1704 798 die
1738 733 2071 816 Berufuny
2115 736 2244 817 auf
2277 735 2412 798 sein
2455 734 2645 797 romi-

493 840 661 906 sches
714 840 1149 925 Biiryerrecht‚
1195 842 1298 906 die
1342 842 1481 906 ἄεσα·
1505 841 1886 923 niedriysten
1941 839 2172 905 Rom-er
2222 840 2480 925 schiitzt,
2545 841 2647 905 die

332 949 339 956 ’
443 968 467 1009 5
495 950 615 1014 den
656 947 872 1013 Verres
915 947 1096 1014 selbst
1137 947 1422 1016 schic‘tzen
1468 948 1707 1027 werde,
1754 968 1934 1012 wenn
1980 968 2045 1011 er
2088 952 2269 1011 anter
2312 946 2646 1012 Bao-baren

494 1055 568 1118 in
618 1052 862 1136 Gefahr
915 1059 1107 1136 wc'we,
1163 1054 1482 1136 veryebens
1536 1054 1738 1136 berief
1780 1051 1872 1118 er
1898 1052 2032 1118 sich
2086 1052 2243 1118 auch
2297 1054 2426 1135 auf
2468 1054 2646 1119 einen

494 1161 835 1225 νόοηὶεοήθη
896 1160 1115 1225 Ritter
1180 1162 1252 1225 in
1334 1160 1723 1244 Panormus,
1789 1161 1897 1224 der
1958 1159 2071 1224 ihu
2151 1159 2647 1241 rekoynoszieren

493 1267 777 1334 Ῑῦὄθῑπίθω
2567 1302 2579 1332 ι

554 1359 557 1363 ’
676 1372 800 1438 Sed
849 1374 1004 1456 quid
1051 1396 1171 1460 ego
1220 1376 1407 1458 plura
1453 1375 1531 1438 de
1579 1372 1827 1437 Gavio?
1892 1372 2089 1450 Quasi
2134 1378 2208 1438 tu
2257 1371 2457 1438 Gavio
2504 1379 2645 1439 tum

416 1479 692 1550 1o<fueris
739 1480 1012 1545 infestus
1061 1502 1135 1545 ac
1178 1503 1313 1544 non
1356 1481 1634 1563 nomini,
1680 1481 1928 1566 generi,
1973 1480 2098 1544 iuri
2145 1480 2383 1544 civium
2420 1479 2644 1545 hostis.

407 1577 415 1584 ⁸
492 1586 665 1652 Non
736 1586 891 1669 illi,
963 1587 1258 1680 inquam,
1328 1586 1657 1669 homini,
1730 1586 1841 1650 sed
1917 1607 2189 1662 causae
2266 1588 2644 1651 communi

492 1693 888 1758 libertatis
949 1694 1311 1757 inimicus
1374 1692 1617 1757 fuisti.
1673 1691 1879 1782 *Quid
1928 1693 2098 1757 enim
2147 1693 2439 1776 attinuit,
2498 1716 2645 1758 cum

493 1799 860 1864 Mamertini
897 1821 1075 1865 more
1114 1803 1306 1883 atque
1343 1801 1644 1865 instituto
1693 1820 1809 1864 suo
1859 1821 2112 1872 crucem
2158 1800 2452 1864 fixissent
2496 1805 2647 1884 post

493 1906 718 1971 urbem
765 1908 835 1971 in
875 1907 981 1971 via
1015 1906 1352 1991 Pompeia,
1395 1911 1460 1972 te
1506 1908 1727 1972 iubere
1772 1906 1843 1971 in
1888 1929 1962 1971 ea
1999 1910 2181 1991 parte
2218 1908 2445 1993 figere,
2483 1930 2646 1991 quae

415 2035 464 2075 15
493 2014 573 2077 ad
632 2013 870 2078 fretum
931 2018 1277 2098 spectaret,
1337 2018 1401 2079 et
1433 2014 1583 2092 ‚hoc
1646 2013 1903 2096 addere,
1964 2014 2135 2097 quod
2182 2036 2418 2100 negare
2463 2016 2644 2079 nullo

492 2120 686 2185 modo
733 2125 948 2205 potes,
996 2123 1170 2204 quod
1217 2122 1517 2185 omnibus
1567 2120 1976 2184 audientibus
2026 2119 2247 2184 dixisti
2292 2122 2535 2204 palam,
2580 2125 2645 2184 te

492 2226 731 2291 idcirco
792 2227 978 2291 illum
1036 2229 1255 2291 locum
1305 2227 1611 2312 deligere,
1665 2229 1740 2290 ut
1786 2227 1924 2319 ille,
1972 2226 2277 2309 quoniam
2325 2248 2392 2291 se
2440 2227 2647 2292 civem

493 2332 860 2397 Romanum
934 2353 1072 2398 esse
1134 2333 1413 2417 diceret,
1486 2356 1566 2397 ex
1639 2354 1826 2398 cruce
1898 2332 2154 2398 Italiam
2234 2355 2489 2399 cernere
2572 2356 2646 2399 ac

493 2441 755 2505 domum
818 2462 1000 2505 suam
1062 2442 1427 2525 prospicere
1487 2441 1750 2526 posset?
1839 2440 2067 2524 Itaque
2128 2441 2241 2507 illa
2287 2464 2444 2506 crux
2491 2444 2646 2525 sola,

411 2569 465 2609 20
491 2548 762 2632 iudices,
819 2553 971 2635 post
1030 2549 1355 2614 conditam
1415 2548 1778 2613 Messanam
1837 2536 1950 2613 illo
2010 2549 2081 2611 in
2137 2549 2278 2613 loco
2310 2611 2313 2613 Α
2340 2549 2469 2612 fixa
2529 2554 2643 2613 est.

457 2645 713 2740 ‚Italiae
775 2661 1154 2740 conspectus
1218 2656 1297 2720 ad
1358 2679 1498 2721 eam
1557 2679 1695 2721 rem
1756 2655 1837 2720 ab
1892 2656 2019 2720 isto
2068 2656 2351 2721 delectus
2401 2660 2525 2740 est,
2569 2660 2644 2720 ut

490 2763 599 2827 ille
647 2764 716 2826 in
762 2762 983 2839 dolore
1023 2764 1438 2846 cruciatuque
1478 2764 1758 2826 moriens
1797 2767 2190 2848 perangusto
2228 2764 2400 2827 fretu
2439 2746 2643 2827 divisa

492 2869 818 2953 servitutis
894 2890 968 2931 ac
1039 2868 1357 2932 libertatis
1431 2869 1572 2932 iura
1647 2874 2091 2952 cognosceret,
2163 2868 2352 2933 Italia
2427 2873 2642 2934 autem

2686 736 2787 785 165

2698 804 2771 843 bis

2682 862 2787 910 168

2685 1391 2787 1440 169

492 2977 825 3040 alumnum
888 2993 1076 3037 suum
1138 2973 1463 3038 servitutis
1527 2976 1813 3038 extremo
1877 2995 2258 3057 summoque
2324 2975 2640 3059 supplicio
2694 3011 2698 3016 ·

412 3104 462 3144 25
493 3082 759 3147 affixum
806 3081 1069 3145 videret.
1160 3079 1488 3145 Facinus
1550 3084 1648 3145 est
1703 3081 1945 3146 vincire
2006 3082 2210 3146 civem
2259 3080 2644 3164 Romanum,

493 3191 743 3254 scelus
815 3188 1176 3275 verberare,
1248 3208 1484 3271 prope
1553 3188 2058 3272 parricidium
2132 3210 2387 3273 necare3
2461 3189 2640 3272 quid

493 3296 736 3360 dicam
809 3296 884 3359 in
956 3316 1252 3359 crucem
1325 3294 1650 3359 tollere}>
1731 3293 1948 3360 Verbo
2014 3296 2169 3360 satis
2236 3296 2432 3382 digno
2507 3300 2641 3360 tam

488 3403 734 3467 nefaria
789 3423 891 3466 res
948 3402 1262 3485 appellari
1320 3404 1500 3467 nullo
1562 3403 1755 3467 modo
1818 3406 2055 3485 potest..
2141 3402 2295 3468 Non
2353 3403 2480 3468 fuit
2538 3402 2640 3467 his

492 3510 789 3574 omnibus
855 3509 977 3573 iste
1042 3512 1410 3592 contentus3
1478 3508 1808 3592 espectet',
1870 3509 2083 3592 inquit
2091 3492 2140 3592 ,⁸
2172 3509 2508 3592 epatria1n3
2571 3508 2642 3573 in

413 3637 465 3677 30
494 3620 841 3699 conspectu
909 3616 1155 3701 legum'
1197 3615 1643 3698 libertatisque
1708 3615 2060 3679 moriatur?
2161 3614 2314 3680 Non
2377 3619 2452 3680 tu
2514 3615 2640 3681 hoc

490 3724 635 3788 loco
675 3721 976 3806 Gavium,
1010 3744 1144 3787 non
1181 3746 1382 3787 unum
1419 3722 1749 3786 hominem
1787 3722 2004 3787 nescio
2045 3743 2264 3807 quem,
2311 3724 2421 3788 sed
2470 3745 2639 3788 com·

489 3851 754 3895 munem
806 3829 1122 3894 libertatis
1179 3834 1244 3894 et
1304 3830 1580 3894 civitatis
1631 3851 1889 3894 causam
1935 3829 2004 3893 in
2049 3830 2233 3894 illum
2285 3831 2638 3895 cruciatum

491 3942 556 4003 et
620 3957 874 4002 crucem
939 3935 1147 4022 egisti.
1236 3934 1373 4000 Iam
1438 3958 1589 4001 vero
1655 3938 1867 4001 videte
1930 3936 2212 4001 hominis
2280 3939 2637 4002 audaciam!

489 4044 724 4110 Nonne
771 4066 917 4109 eum
965 4042 1248 4129 graviter
1292 4044 1516 4109 tulisse
1564 4044 1993 4126 arbitramini,
2042 4044 2214 4126 quod
2249 4045 2440 4141 illam
2488 4043 2638 4107 civi·

413 4170 466 4211 35
493 4151 614 4215 bus
645 4150 953 4215 Romanis
1003 4172 1256 4216 crucem
1302 4172 1436 4215 non
1481 4154 1703 4235 posset
1746 4151 1815 4214 in
1861 4151 2032 4233 for0,
2067 4171 2201 4214 non
2245 4134 2314 4212 in
2353 4149 2638 4232 comitio,

2683 3100 2785 3148 170
