3175 4800
484 1437 551 1483 64

481 2614 548 2662 65

594 397 681 460 90
1191 393 1283 447 IV.
1324 383 1415 446 De
1446 393 1756 463 suppliciis,
1815 393 2141 463 (Auswahl.)

592 579 708 622 suo
755 559 946 641 plane
993 561 1247 641 captam
1295 560 1488 641 atque
1536 558 1918 641 depressam.
2002 557 2163 622 Erat
2210 580 2283 622 ea
2327 558 2510 624 navis
2548 559 2740 643 plena

589 665 942 730 iuventutis
979 646 1510 748 formosissimae,
1553 666 1746 747 plena
1782 664 2032 750 argenti
2068 664 2225 730 facti
2263 669 2456 748 atque
2485 666 2742 751 signati,

590 774 797 865 multa
843 794 989 837 cum
1029 773 1316 857 stragula
1353 775 1547 836 veste.
1622 770 1801 836 Haec
1838 795 1967 836 una
2003 772 2184 836 navis
2215 796 2253 836 a
2291 773 2491 837 classe
2519 777 2741 837 nostra

590 902 723 945 non
770 885 959 965 capta
1005 883 1130 963 est,
1179 879 1294 943 sed
1342 878 1605 944 inventa
1652 879 1731 942 ad
1778 878 2200 966 Megaridem,
2258 880 2368 963 qui
2412 881 2595 944 locus
2643 885 2741 945 est

589 1010 722 1052 non
784 989 978 1073 longe
1043 1010 1081 1050 a
1146 985 1496 1071 Syracusis.
1589 986 1776 1063 Quod
1841 987 1955 1052 ubi
2018 988 2127 1051 isti
2191 987 2560 1051 nuntiatum
2625 990 2740 1069 est,
2769 1016 2793 1056 5

586 1095 848 1182 ⁴tametsi
892 1095 964 1159 in
1009 1098 1153 1159 acta
1201 1115 1344 1158 cum
1393 1093 1789 1159 mulierculis
1838 1094 2089 1159 iacebat
2136 1094 2379 1178 ebrius,
2425 1094 2626 1158 erexit
2673 1115 2740 1158 se

590 1205 808 1267 tamen
863 1206 926 1267 et
985 1202 1203 1266 statim
1262 1201 1588 1286 quaestori
1643 1202 1988 1286 legatoque
2046 1224 2161 1266 suo
2221 1202 2518 1266 custodes
2565 1200 2741 1266 misit

592 1310 971 1393 compluris,
1025 1313 1099 1372 ut
1155 1309 1371 1373 omnia
1427 1305 1550 1371 sibi
1606 1308 1859 1392 integra
1916 1330 2109 1391 quam
2155 1309 2435 1392 primum
2485 1308 2740 1373 exhibe-

587 1420 826 1481 rentur.
920 1415 1291 1500 Appelh’tur
1343 1414 1525 1479 navis
1584 1413 1961 1499 Syracusas3
2017 1419 2425 1499 exspectatur
2479 1417 2559 1479 ab
2608 1438 2739 1480 om-

586 1523 778 1588 nibus
842 1523 1247 1607 supplicium.
1339 1519 1470 1586 Iste
1533 1522 1716 1605 quasi
1775 1521 2014 1606 praeda
2073 1521 2198 1586 sibi
2258 1523 2550 1605 advecta,
2606 1544 2738 1587 non
2767 1551 2818 1590 ιο

588 1630 1019 1715 praedonibus
1078 1629 1311 1714 captis,
1367 1630 1421 1693 si
1480 1630 1589 1713 qui
1649 1650 1830 1694 senes
1879 1651 1953 1694 ac
2000 1629 2318 1694 deformes
2365 1634 2575 1713 erant,
2630 1650 2737 1694 eos

586 1738 656 1801 in
718 1736 1007 1802 hostium
1071 1759 1338 1822 numero
1405 1736 1611 1819 ducit3
1678 1737 1790 1819 qui
1855 1737 2099 1820 aliquid
2164 1737 2436 1820 formae,
2508 1736 2735 1802 aetatis

588 1844 970 1930 artificiique
1024 1843 1378 1924 habebant,
1434 1843 1695 1905 abducit
1754 1844 1991 1926 omnis,
2046 1865 2178 1907 non
2232 1844 2447 1907 nullos
2495 1843 2738 1926 scribis,

586 1950 722 2014 filio
799 1948 1178 2031 cohortique
1254 1947 1611 2031 distribuit,
1685 1950 2184 2033 symphoniacos
2257 1949 2552 2013 homines
2626 1970 2737 2012 sex

588 2055 891 2140 quoidam
939 2055 1144 2120 amico
1192 2076 1309 2121 suo
1356 2054 1634 2119 Romam
1664 2047 1931 2121 *muneri
1978 2056 2169 2121 misit.
2253 2055 2405 2122 Nox
2449 2057 2562 2119 illa
2596 2059 2737 2120 tota
2766 2081 2816 2122 15

587 2165 656 2228 in
702 2163 1134 2228 exinaniunda
1177 2185 1340 2228 nave
1379 2163 1799 2227 consumitur.
1864 2161 2452 2247 Archipiratam-
2487 2163 2737 2247 ipsum

586 2272 797 2336 videt
852 2293 1098 2354 nem0,
1154 2271 1230 2334 de
1290 2292 1416 2354 quo
1475 2271 1868 2355 supplicium
1915 2269 2083 2334 sumi
2131 2270 2435 2353 oportuit.
2529 2268 2738 2340 Hodie

587 2401 808 2444 omnes
867 2379 959 2444 sic
1004 2379 1247 2445 habent
1303 2377 1489 2466 (quid
1545 2378 1681 2444 eius
1731 2379 1842 2462 sit,
1895 2398 2011 2442 vos
2061 2377 2429 2468 coniectura
2475 2377 2737 2462 adsequi

587 2484 884 2573 debetis),
936 2484 1161 2552 istum'
1193 2488 1359 2551 clam
1388 2510 1452 2551 -·a
1496 2485 1723 2569 piratis
1780 2486 1863 2550 ob
1910 2485 2084 2549 hunc
2132 2484 2586 2570 archipiratam
2632 2509 2738 2571 pe-

588 2594 840 2657 cuniam
881 2595 1218 2677 accepisse.
1264 2631 1354 2640 —
1402 2592 1784 2657 Coniectura
1822 2597 1934 2656 est.
1984 2630 2067 2638 —
2115 2589 2318 2657 Iudex
2355 2614 2493 2658 esse
2530 2594 2735 2658 bonus
2764 2617 2815 2656 20

585 2722 774 2764 nemo
812 2703 1057 2784 potest,
1095 2700 1207 2783 qui
1245 2700 1610 2784 suspicione
1641 2703 1814 2764 certa
1840 2721 1974 2764 non
2002 2703 2314 2765 movetur.
2389 2699 2734 2764 Hominem

583 2807 817 2890 nostis,
874 2807 1402 2872 consuetudinem
1460 2807 1750 2871 omnium
1806 2807 2068 2891 tenetis,
2128 2807 2240 2890 qui
2287 2807 2512 2871 ducem
2558 2829 2737 2890 prae-

586 2914 828 2979 donum
889 2919 1001 2979 aut
1058 2913 1346 3005 hostium
1408 2915 1676 2998 ceperit,
1738 2936 1930 2997 quam
1989 2914 2267 2979 libenter
2320 2936 2467 2978 eum
2521 2915 2732 2999 palam

586 3025 734 3085 ante
795 3023 1016 3086 oculos
1074 3022 1361 3086 omnium
1411 3042 1549 3085 esse
1594 3021 1895 3105 patiatur.
1988 3005 2388 3085 Hominem
2436 3021 2504 3085 in
2549 3026 2730 3085 tanto

586 3133 907 3193 conventu
944 3127 1287 3213 ‘Syracusis
1337 3128 1496 3193 vidi
1541 3128 1947 3211 neminem,
1993 3128 2261 3211 iudices,
2309 3128 2437 3211 qui
2484 3128 2730 3192 archi-
2760 3149 2812 3189 25

584 3236 914 3317 piratam
976 3239 1280 3318 captum
1347 3256 1512 3299 sese
1572 3235 1862 3299 vidisse
1919 3225 2238 3317 diceret,
2298 3254 2444 3298 cum
2494 3256 2734 3317 omnes,

586 3344 659 3403 ut
696 3360 836 3402 mos
876 3343 1000 3422 est,
1044 3344 1119 3403 ut
1156 3342 1319 3404 solet
1357 3341 1524 3424 fieri,
1562 3345 2041 3425 concurrerent,
2080 3344 2484 3424 quaererent,
2519 3342 2732 3406 videre

587 3450 909 3529 cuperent.
1002 3446 1170 3523 Quid
1232 3448 1490 3532 accidit,
1551 3471 1665 3514 cur
1719 3453 1901 3513 tanto
1960 3451 2150 3532 opere
2204 3449 2326 3512 iste
2386 3448 2582 3512 homo
2632 3469 2733 3512 oc-

586 3554 963 3637 cultaretur,
1021 3557 1094 3619 ut
1155 3577 1301 3619 eum
1361 3578 1441 3619 ne
1499 3577 1651 3619 casu
1708 3555 1966 3639 quidem
2020 3556 2358 3639 quisquam
2407 3552 2732 3638 adspicere

550 3662 846 3745 posset?
934 3661 1247 3727 Homines
1304 3663 1634 3726 maritumi
1691 3662 2050 3747 Syracusis,
2116 3663 2226 3746 qui
2291 3683 2480 3751 saepe
2546 3660 2729 3725 istius
2760 3684 2811 3723 30

480 4000 545 4048 66

586 3769 764 3832 ducis
819 3791 1057 3834 nomen
1113 3769 1467 3853 audissent,
1522 3791 1711 3853 saepe
1765 3770 2161 3853 timuissent,
2218 3791 2364 3835 cum
2413 3768 2548 3833 eius
2597 3791 2731 3833 cru-

587 3876 758 3940 ciatu
798 3879 990 3959 atque
1029 3877 1347 3961 supplicio
1377 3899 1639 3961 pascere
1669 3878 1891 3942 oculos
1922 3877 2337 3962 animumque
2366 3880 2730 3953 exsaturare

585 3983 855 4067 vellent,
926 3986 1212 4067 potestas
1289 3983 1683 4067 adspiciendi
1763 3984 2006 4050 nemini
2087 3986 2259 4049 facta
2342 3987 2455 4048 est.
2543 3981 2729 4047 Unus

583 4091 831 4174 pluris
882 4078 1302 4174 'praedonum
1377 4093 1605 4156 duces
1681 4082 1897 4156 vivos
1974 4093 2181 4176 cepit
2239 4091 2306 4156 P.
2348 4088 2729 4155 Servilius

585 4219 804 4280 quam
853 4220 1109 4263 omnes
1158 4203 1401 4263 antea.
1493 4198 1848 4287 Ecquando
1896 4200 2097 4285 igitur
2142 4199 2266 4264 isto
2304 4198 2521 4263 fructu
2561 4197 2729 4280 quis·
2759 4217 2811 4258 35
