3175 4800
1379 382 1631 438 ssss-ss.
2511 386 2593 451 97

901 513 935 538 Κ

451 551 584 616 eius
649 548 1224 634 flagitiosissimum
1287 549 1726 632 praetervecta
1789 550 1912 630 est3
1975 546 2113 631 ipse
2179 551 2422 629 autem,
2488 547 2599 630 qui

449 658 624 722 visus
690 655 910 720 multis
975 655 1198 740 diebus
1263 676 1396 719 non
1455 659 1650 737 esset,
1715 658 1856 719 tum
1921 675 1988 719 se
2046 658 2267 718 tamen
2323 654 2393 717 in
2452 675 2598 718 con-

438 768 741 848 spectum
800 762 1014 827 nautis
1075 761 1403 845 paulisper
1461 761 1652 825 dedit.
1747 759 1943 825 Stetit
2002 763 2282 826 soleatus
2343 766 2601 845 praetor

450 869 675 955 populi
749 869 1027 934 Romani
1102 889 1248 932 cum
1319 869 1518 952 pallio
1595 890 1918 952 purpureo
1993 868 2341 951 tunicaque
2411 868 2600 932 talari

398 1000 422 1039 5
450 977 830 1043 muliercula
874 975 1062 1040 nixus
1110 975 1179 1039 in
1221 975 1429 1040 litore.
1520 974 1659 1039 Iam
1703 975 1829 1040 hoc
1875 976 2073 1040 istum
2119 975 2359 1040 vestitu
2398 974 2600 1040 Siculi

452 1085 750 1167 civesque
810 1069 1087 1147 Romani
1145 1083 1451 1166 permulti
1512 1104 1702 1166 saepe
1761 1082 2067 1147 viderant.
2169 1082 2599 1166 Posteaquam
2637 1102 2703 1151 87

452 1191 718 1274 paulum
763 1193 1071 1273 provecta
1108 1189 1328 1254 classis
1367 1192 1465 1254 est
1503 1193 1567 1253 et
1605 1188 1982 1273 Pachynum
2023 1189 2249 1273 quinto
2288 1190 2390 1253 die
2428 1190 2600 1254 deni-

453 1320 577 1381 que
638 1297 932 1381 adpulsa,
990 1300 1267 1361 nautae
1328 1297 1535 1362 coacti
1580 1297 1751 1361 fame
1809 1297 2108 1361 radices
2168 1297 2599 1380 palmarum

452 1404 903 1491 agrestium,
960 1426 1230 1488 quarum
1289 1409 1424 1469 erat
1479 1404 1549 1468 in
1595 1403 1723 1468 illis
1769 1403 1959 1487 locis,
2014 1403 2206 1468 sicuti
2252 1404 2322 1467 in
2367 1426 2601 1490 magna

374 1535 425 1573 10
451 1516 633 1596 parte
708 1509 992 1594 Siciliae,
1065 1509 1444 1595 multitudo,
1518 1511 1999 1596 colligebant
2072 1515 2146 1575 et
2210 1510 2317 1575 eis
2384 1512 2601 1575 miseri

450 1618 812 1703 perditique
872 1616 1309 1699 alebantur3
1370 1616 1815 1681 Cleomenes
1877 1619 2123 1697 autem,
2170 1618 2280 1701 qui
2327 1619 2598 1682 alterum

453 1747 520 1790 se
566 1725 834 1791 Verrem
892 1744 1038 1788 cum
1093 1724 1345 1788 luxurie
1401 1745 1474 1788 ac
1530 1723 1846 1807 nequitia,
1900 1727 2041 1787 tum
2089 1723 2282 1788 etiam
2330 1723 2598 1808 imperio

452 1834 737 1915 putaret,
784 1831 1080 1895 similiter
1123 1833 1329 1896 totos
1378 1831 1537 1895 dies
1584 1832 1656 1895 in
1699 1830 1888 1895 litore
1934 1831 2348 1895 tabernaculo
2386 1831 2598 1914 posito

452 1961 637 2023 perp
653 1939 937 2004 otabat.
1000 1938 1171 2003 Ecce
1219 1943 1433 2003 autem
1470 1942 1734 2023 repente
1773 1937 1950 2003 ebrio
1991 1937 2361 2022 Cleomene,
2407 1938 2601 2002 esuri-

374 2068 424 2107 15
453 2046 706 2112 entibus
769 2045 994 2111 ceteris
1059 2046 1466 2110 nuntiatur
1529 2047 1953 2129 piratarum
2019 2067 2182 2110 esse
2247 2046 2462 2109 navis
2524 2046 2603 2109 in

452 2158 685 2237 portu
746 2151 1163 2235 Odysseae3
1222 2173 1373 2215 nam
1433 2153 1525 2215 ita
1584 2154 1640 2215 is
1698 2152 1879 2216 locus
1926 2152 2324 2235 nominatur3
2382 2156 2604 2215 nostra

456 2261 671 2322 autem
720 2258 939 2322 classis
989 2262 1123 2321 erat
1169 2258 1237 2320 in
1272 2260 1467 2341 portu
1504 2256 1809 2341 Pachyni.
1886 2257 2331 2323 Cleomenes
2370 2262 2604 2341 autem,

457 2364 629 2449 quod
677 2367 812 2430 erat
856 2368 1155 2430 terrestre
1200 2364 1591 2449 praesidium
1637 2386 1770 2430 non
1815 2387 1911 2450 re,
1958 2365 2069 2430 sed
2114 2366 2403 2450 nomine,
2466 2387 2603 2450 spe-

452 2472 620 2537 ravit
664 2472 755 2537 eis
793 2473 1138 2556 militibus,
1185 2494 1346 2556 quos
1391 2495 1470 2537 ex
1508 2495 1582 2537 eo
1620 2474 1764 2537 loco
1804 2470 2199 2556 deduxisset,
2244 2475 2498 2556 explere
2536 2495 2603 2539 se

375 2602 426 2642 20
452 2602 792 2644 numerum
828 2584 1173 2645 nautarum
1211 2584 1274 2644 et
1309 2579 1628 2664 remigum
1665 2600 1871 2663 posse.
1937 2577 2219 2663 Reperta
2247 2582 2345 2644 est
2383 2580 2602 2645 eadem

452 2686 637 2751 istius
712 2686 993 2752 hominis
1068 2686 1424 2751 avarissimi
1497 2688 1662 2751 ratio
1728 2687 1798 2750 in
1872 2685 2236 2770 praesidiis,
2310 2708 2471 2770 quae
2535 2688 2603 2751 in

455 2794 794 2877 classibus3
865 2816 1016 2858 nam
1091 2798 1272 2858 erant
1344 2795 1650 2877 perpauci
1721 2793 1980 2876 reliqui,
2065 2794 2259 2857 ceteri
2342 2793 2603 2858 dimissi.

454 2898 824 2982 Princeps
875 2896 1318 2963 Cleomenes
1365 2900 1434 2963 in
1482 2900 1870 2983 quadriremi
1908 2898 2324 2983 Centuripina
2360 2900 2601 2963 malum
2642 2918 2710 2967 88

456 3005 643 3091 erigi,
688 3007 832 3070 vela
878 3006 1045 3089 fieri,
1098 3004 1382 3090 praecidi
1436 3027 1702 3070 ancoras
1749 3007 2091 3091 imperavit
2137 3009 2201 3071 et
2248 3006 2468 3090 simul,
2522 3012 2605 3071 ut

375 3135 428 3174 25
457 3134 533 3177 se
600 3112 843 3177 ceteri
900 3112 1804 3199 sequerentur,*signum
1865 3114 2031 3178 dari
2091 3113 2337 3178 iussit.
2427 3112 2606 3178 Haec

459 3219 871 3304 Centuripina
934 3221 1115 3285 navis
1182 3224 1318 3286 erat
1379 3220 1742 3285 incredibili
1807 3221 2130 3286 celeritate
2196 3221 2382 3304 velis3
2452 3244 2601 3287 nam

459 3327 619 3391 scire
682 3327 807 3392 isto
872 3332 1166 3411 praetore
1229 3349 1417 3392 nemo
1483 3330 1765 3412 poterat,
1839 3328 1994 3412 quid
2060 3350 2349 3412 quaeque
2422 3328 2602 3392 navis

456 3434 647 3499 remis
702 3434 911 3499 facere
968 3437 1212 3518 posset3
1267 3435 1388 3499 etsi
1444 3435 1513 3498 in
1565 3436 1690 3500 hac
1748 3435 2136 3519 quadriremi
2181 3439 2446 3519 propter
2491 3434 2604 3499 ho-

456 3562 678 3605 norem
739 3544 803 3605 et
862 3541 1137 3627 gratiam
1199 3539 1556 3633 Cleomenis
1620 3542 1884 3606 minime
1943 3542 2135 3605 multi
2199 3541 2474 3626 remiges
2541 3545 2606 3604 et

378 3669 430 3708 30
458 3647 694 3712 milites
755 3648 1031 3713 deerant.
1122 3648 1432 3713 Evolarat
1491 3649 1622 3713 iam
1682 3671 1717 3713 e
1774 3652 2125 3732 conspectu
2169 3647 2303 3712 fere
2347 3647 2603 3733 fugiens

458 3754 909 3838 quadriremiS,
964 3776 1110 3819 cum
1168 3756 1361 3820 etiam
1416 3762 1558 3821 tum
1616 3759 1862 3821 ceterae
1916 3777 2112 3820 naves
2168 3776 2297 3819 uno
2344 3753 2414 3819 in
2458 3755 2603 3820 loco

456 3861 903 3926 moliebantur.
993 3861 1153 3926 Erat
1207 3863 1456 3928 animus
1512 3864 1582 3926 in
1635 3863 1927 3946 reliquis3
1989 3883 2377 3946 quamquam
2425 3867 2605 3927 erant
2643 3880 2709 3927 89

457 3968 672 4052 pauci,
729 3990 990 4052 quoquo
1049 3969 1240 4034 modo
1296 3990 1396 4033 res
1455 3992 1521 4034 se
1575 3969 1884 4053 habebat,
1938 3992 2226 4056 pugnare
2274 3974 2492 4034 tamen
2535 3948 2604 4032 se

420 4060 425 4065 ’
457 4078 640 4143 velle.
669 4077 1033 4141 clamabant
1080 4079 1171 4160 et,
1219 4077 1388 4161 quod
1435 4077 1757 4161 reliquum
1795 4078 1965 4141 vitae
2002 4078 2365 4160 viriumque
2401 4076 2602 4140 fames

379 4202 431 4242 35
459 4181 721 4266 fecerat,
783 4182 850 4246 id
917 4182 1086 4248 ferro
1153 4184 1563 4268 potissimum
1630 4184 1893 4249 reddere
1947 4185 2268 4248 volebant.
2361 4180 2604 4257 Quodsi

567 4304 749 4345 Ciceros
776 4306 1025 4358 Veri-ineu,
1053 4319 1095 4346 v.
1113 4307 1273 4347 Bardt.
1314 4308 1442 4347 Text.
2137 4309 2165 4356 7
