3175 4800
431 894 532 943 176

430 1961 529 2009 177

574 397 700 461 122
1164 392 1256 448 1V.
1296 393 1381 446 De
1420 391 1731 461 suppliciis.
1793 392 2121 463 (Auswahl.)

569 557 858 621 nondum
896 556 1299 642 intellegitis,
1345 555 1647 640 adempta
1685 559 1878 641 atque
1917 559 2136 640 erepta
2173 561 2341 621 sunt.
2416 554 2721 622 Omnium

569 685 762 730 nunc.
817 663 989 727 oculi
1061 663 1337 728 coniecti
1411 666 1563 727 sunt
1634 662 1760 727 1109
1823 662 1965 747 ipso
2030 667 2321 747 tempore
2385 662 2455 727 in
2518 685 2721 727 unum

572 791 901 855 quemque.
936 773 1260 854 nostrum,
1307 792 1451 853 qua
1495 769 1653 834 fide
1710 791 1830 856 ego
1891 791 2266 853 accusem,
2327 790 2472 854 qua
2541 770 2722 835 reli-

571 878 798 964 gione
860 877 932 940 hi
993 877 1581 962 iudicent,‘qua
1644 881 1718 942 tu
1780 876 2083 942 ratione
2149 876 2531 942 defendas.
2621 876 2721 941 De

572 984 872 1050 omnibus
944 984 1161 1068 nobis,
1225 984 1281 1049 si
1346 984 1458 1067 qui
1523 985 1849 1048 tantulum
1915 984 1992 1049 de
2055 986 2232 1049 recta
2289 983 2552 1069 regione
2617 982 2721 1048 de-
2749 1003 2775 1043 ε

570 1091 848 1175 flexerit,
905 1112 1039 1155 non
1097 1091 1210 1155 illa
1255 1091 1454 1156 tacita
1499 1091 1919 1174 existimatio,
1965 1111 2159 1174 quam
2206 1094 2395 1154 antea
2440 1093 2721 1155 contem-

569 1220 721 1263 nere
781 1198 1115 1282 solebatis,
1171 1199 1281 1262 sed
1336 1197 1682 1263 vehemens
1730 1219 1804 1263 ac
1848 1197 2125 1262 liberum
2171 1196 2399 1282 populi
2444 1196 2721 1261 Romani

569 1305 878 1370 iudicium
927 1307 1369 1389 consequetur.
1459 1304 1662 1370 Nulla
1715 1304 1864 1388 tibi,
1919 1302 2185 1388 Quinte,
2240 1326 2387 1369 cum
2433 1305 2559 1372 isto
2620 1325 2722 1369 co-

569 1412 821 1497 gnatio,
890 1413 1071 1476 nulla
1141 1411 1575 1496 necessitud03
1643 1411 1877 1494 quibus
1939 1411 2459 1477 excusationibus
2533 1414 2720 1475 antea

567 1519 841 1582 nimium
901 1519 971 1582 in
1030 1518 1246 1600 aliquo
1307 1518 1543 1583 iudicio
1571 1560 1581 1568 -
1609 1518 1895 1583 studium
1941 1522 2129 1583 tuum
2176 1518 2513 1584 defendere
2559 1518 2718 1583 sole·
2749 1538 2805 1577 ιο

569 1625 712 1707 bas,
771 1648 990 1690 earum
1050 1624 1286 1690 habere
1345 1625 1415 1690 in
1474 1624 1601 1689 1109
1646 1624 1909 1689 homine
1955 1626 2201 1689 nullam
2247 1629 2450 1710 potes.
2543 1623 2720 1702 Quae

568 1732 690 1797 iste
735 1732 806 1796 in
850 1731 1182 1817 provincia
1216 1733 1432 1816 palam
1470 1732 1836 1816 dictitabat,
1882 1753 2029 1797 cum
2077 1754 2178 1816 ea,
2225 1753 2387 1814 quae
2428 1731 2721 1815 faciebat,

569 1844 683 1903 tua
745 1860 811 1903 se
871 1838 1106 1903 fiducia
1165 1838 1374 1903 facere
1436 1823 1718 1923 dicebat,
1778 1862 1852 1904 ea
1896 1861 1978 1904 ne
2023 1861 2175 1904 vera
2220 1841 2555 1923 putentur,
2599 1838 2721 1911 tibi

569 1946 847 2009 maxime
894 1948 992 2010 est
1035 1944 1522 2029 providendum.
1596 1945 1756 2033 Ego
1805 1946 1934 2010 mei
1977 1945 2297 2011 rationem
2342 1946 2472 2010 iam
2520 1945 2719 2009 officii

570 2051 823 2117 confido
872 2073 1009 2116 esse
1057 2053 1356 2118 omnibus
1403 2047 1827 2138 iniquissimis
1874 2053 2033 2118 meis
2090 2054 2513 2137 persolutam3
2566 2074 2717 2117 nam
2746 2071 2799 2111 15
2931 2101 2934 2102 γ

567 2159 800 2223 istum
847 2159 1112 2243 paucis
1157 2158 1369 2232 horis
1415 2160 1662 2244 primae
1709 2160 1981 2225 actionis
2020 2161 2310 2241 omnium
2347 2159 2718 2224 mortalium

568 2266 902 2331 sententiis
951 2266 1469 2331 condemnavi.
1544 2266 1956 2350 Reliquum
2003 2267 2376 2332 iudicium
2422 2268 2552 2331 iam
2588 2287 2720 2331 non

569 2372 646 2437 de
693 2394 836 2438 mea
880 2372 1035 2458 fide,
1081 2395 1244 2458 quae
1290 2378 1629 2459 perspecta
1663 2376 1799 2458 est,
1842 2396 1962 2440 nec
2009 2375 2087 2439 de
2134 2375 2319 2441 istius
2357 2375 2519 2459 vita,
2557 2395 2719 2458 quae

569 2480 870 2545 damnata
930 2484 1054 2564 est,
1114 2482 1225 2546 sed
1287 2482 1373 2545 de
1433 2481 1825 2547 iudicibus
1882 2485 1983 2565 et,
2035 2500 2184 2546 vere
2229 2485 2304 2546 ut
2350 2482 2586 2565 dicam,
2632 2481 2718 2545 de

567 2591 640 2652 te
687 2588 1030 2651 futurum
1078 2592 1210 2652 est.
1285 2586 1377 2652 At
1423 2609 1568 2672 quo
1616 2591 1960 2673 tempore
1998 2589 2291 2663 futurum
2331 2588 2471 2654 est?
2516 2587 2716 2676 (Nam
2743 2608 2799 2648 20

568 2694 633 2756 id
698 2693 976 2757 maxime
1040 2694 1508 2778 providendum
1574 2698 1699 2779 est3
1763 2694 1999 2760 etenim
2066 2717 2213 2761 cum
2279 2696 2576 2760 omnibus
2648 2695 2718 2758 in

565 2799 787 2883 rebus,
845 2793 987 2864 tum
1045 2800 1116 2865 in
1172 2823 1242 2866 re
1301 2801 1562 2885 publica
1622 2803 1958 2890 permagni
2019 2804 2333 2868 momenti
2392 2805 2487 2867 est
2546 2801 2711 2866 ratio

569 2911 762 2990 atque
808 2907 1141 2972 inclinatio
1189 2906 1605 2996 temporum.)
1691 2909 1944 2995 Nempe
1992 2931 2097 2994 eo,
2163 2932 2309 2975 cum
2383 2908 2714 2994 populus

567 3013 952 3079 Romanus
1001 3015 1175 3080 aliud
1222 3036 1424 3103 genus
1470 3017 1812 3095 hominum
1858 3021 2053 3101 atque
2091 3018 2326 3082 alium
2375 3016 2715 3081 ordinem

568 3121 656 3184 ad
716 3142 834 3185 res
896 3121 1346 3187 iudicandas
1405 3124 1767 3207 requirit,
1823 3146 2055 3208 nempe
2113 3125 2281 3210 lege
2337 3124 2414 3187 de
2460 3122 2712 3187 iudiciis
2742 3139 2799 3182 25

469 3322 473 3326 .
566 3228 1013 3310 iudicibusque
1071 3229 1257 3294 novis
1318 3231 1834 3316 promulgata3
1891 3252 2111 3314 quam
2156 3253 2290 3295 non
2332 3230 2387 3294 is
2432 3229 2717 3313 promul-

363 3712 367 3716 .
428 3669 527 3718 178

568 3335 773 3418 gavit,
837 3355 963 3416 quo
1027 3335 1288 3399 nomine
1353 3337 1779 3421 proscriptam
1835 3338 2065 3402 videtis
2076 3387 2096 3421 ,
2159 3338 2270 3402 sed
2332 3336 2458 3401 hic
2516 3356 2717 3418 reus,

566 3438 703 3534 hic,
764 3440 1057 3525 inquam,
1120 3463 1236 3506 sua
1299 3463 1412 3526 spe
1477 3446 1671 3526 atque
1737 3445 2067 3529 opinione,
2131 3466 2325 3528 quam
2390 3443 2468 3508 de
2530 3443 2713 3508 vobis

564 3547 790 3632 habet,
846 3549 1057 3634 Iegem
1116 3548 1296 3613 illam
1371 3550 1853 3615 scribendam
1929 3551 2713 3636 promulgandamque

568 3656 884 3720 curavit.
974 3654 1230 3739 Itaque,
1291 3677 1436 3721 cum
1497 3657 1707 3739 primo
1771 3679 1957 3743 agere
2019 3658 2376 3742 coepimus,
2434 3658 2540 3721 lex
2583 3677 2716 3721 non
2742 3676 2799 3716 80
2879 3710 2884 3715 ,

568 3765 705 3825 erat
775 3764 1211 3848 promulgata3
1286 3784 1433 3828 cum
1505 3764 1627 3828 iste
1700 3768 1913 3828 vestra
1987 3764 2325 3829 severitate
2384 3767 2713 3847 permotus

567 3868 773 3931 multa
847 3868 1030 3953 signa
1103 3869 1390 3954 dederat,
1464 3891 1658 3953 quam
1733 3870 1816 3935 ob
1889 3893 2026 3935 rem
2099 3892 2525 3956 responsurus
2582 3891 2716 3934 non

567 3973 917 4057 videretur,
975 3977 1217 4041 mentio
1281 3975 1363 4041 de'
1416 3979 1560 4063 lege
1619 3978 1800 4041 nulla
1844 3978 2067 4062 fiebat3
2125 3982 2548 4062 posteaquam
2593 3976 2715 4040 iste

565 4081 836 4146 recreari
910 4085 975 4145 et
1047 4082 1413 4147 confirmari
1483 4084 1659 4148 visus
1744 4088 1868 4169 est,
1950 4086 2058 4150 lex
2131 4085 2351 4150 statim
2434 4083 2716 4168 promul-

567 4192 717 4273 gata
783 4192 895 4252 est.
1000 4187 1115 4252 Oui
1175 4189 1306 4274 legi
1367 4205 1512 4254 cum
1578 4194 1836 4256 vestra
1897 4191 2238 4278 dignitas
2304 4190 2716 4255 vehementer
2746 4209 2800 4251 85
