3175 4800
463 889 495 934 4

479 3458 510 3505 6

481 3672 509 3717 7

531 395 571 458 2
957 389 996 443 I.
1036 388 1324 441 Divinatio
1363 387 1423 440 in
1462 388 1522 452 Q.
1561 386 1882 441 Caecilium.
1923 388 2249 458 (Auswahl.)

531 553 877 638 potuisset,
923 573 1028 616 eas
1078 570 1298 616 omnes
1338 572 1475 615 sese
1512 549 1638 614 hoc
1675 572 1805 615 uno
1844 554 2138 634 praetore
2177 573 2294 635 per
2328 553 2680 617 triennium

531 660 897 744 pertulisse3
924 646 1171 746 *rogare
1219 662 1284 722 et
1330 680 1539 740 orare,
1595 679 1675 720 ne
1722 657 1869 722 illos
1919 658 2241 742 supplices
2291 680 2682 743 aspernarer,

534 790 694 851 quos
743 790 844 831 me
890 766 1202 830 incolumi
1245 764 1490 829 nemini
1537 765 1860 848 supplices
1910 785 2047 828 esse
2096 769 2454 849 oporteret:

714 874 894 939 Tuli
966 872 1313 959 graviter
1385 875 1459 936 et
1522 872 1826 955 acerbe,
1889 871 2161 963 iudiceS,
2233 872 2303 936 in
2367 895 2513 937 eum
2578 897 2681 937 me

531 985 747 1046 locum
794 979 1052 1062 adduci,
1087 982 1164 1043 ut
1209 982 1322 1043 aut
1358 999 1466 1043 eos
1504 978 1800 1043 homines
1840 964 1985 1062 spes
2023 977 2305 1062 falleret,
2342 980 2452 1062 qui
2492 1001 2678 1065 opem
2706 1003 2731 1042 5

534 1113 571 1153 a
635 1112 737 1153 me
804 1091 996 1171 atque
1064 1086 1377 1149 auxilium
1442 1086 1786 1170 petissent,
1849 1090 1962 1149 aut
2026 1107 2176 1170 ego,
2251 1086 2364 1169 qui
2436 1109 2538 1151 me
2604 1088 2682 1151 ad

535 1195 964 1260 defendendos
1026 1190 1319 1258 homines
1382 1193 1462 1256 ab
1522 1192 1786 1257 ineunte
1852 1193 2287 1257 adulescentia
2352 1192 2685 1276 dedissem,

534 1307 823 1387 tempore
875 1305 1068 1383 atque
1122 1300 1338 1365 officio
1393 1304 1651 1365 coactus
1699 1300 1779 1363 ad
1826 1300 2256 1365 accusandum
2303 1302 2682 1365 traducerer.
2739 1310 2746 1317 '

534 1409 897 1474 Dicebam
969 1407 1255 1472 habere
1330 1429 1455 1471 eos
1533 1411 1868 1471 actorem
1944 1406 2016 1484 Q.
2053 1405 2501 1492 Caecilium,
2575 1409 2687 1492 qui

535 1516 916 1601 praesertim.
948 1508 1265 1598 ‘quaestor
1307 1515 1378 1578 in
1416 1513 1637 1578 Sicilia
1682 1515 2014 1599 provincia
2060 1514 2305 1579 fuisset.
2373 1515 2514 1593 Quo
2565 1536 2768 1601 ego‘io

537 1623 906 1689 adiumento
982 1622 1316 1706 sperabam
1377 1621 1553 1707 ‘hanc‘
1615 1645 1652 1686 a
1715 1624 1818 1686 me
1882 1643 2072 1706 posse
2146 1623 2510 1687 molestiam
2585 1623 2687 1685 de-

536 1731 810 1812 moveri,
874 1731 940 1793 id
1014 1712 1176 1794 milii
1251 1733 1387 1794 erat
1451 1729 1885 1794 adversarium
1959 1730 2255 1795 maxime.
2346 1728 2518 1795 Nam
2591 1730 2689 1793 illi

538 1839 743 1902 multo
792 1837 953 1903 mihi
997 1836 1123 1901 hoc
1159 1836 1413 1899 facilius
1451 1834 1874 1915 remisissent,
1911 1834 1965 1896 si
2003 1835 2200 1898 istum
2237 1859 2372 1900 non
2406 1842 2691 1918 nossent,

520 1948 649 2026 „aut
709 1945 763 2008 si
822 1945 943 2009 iste
1002 1943 1174 2026 apud
1234 1963 1343 2006 eos
1407 1945 1709 2022 quaestor
1760 1961 1895 2003 non
1952 1940 2197 2005 fuisset.
2289 1940 2686 2006 Adductus

540 2073 731 2134 sum,
788 2051 1061 2132 iudices,
1121 2048 1335 2115 officio
1347 2097 1365 2130 ,
1423 2049 1581 2130 fide,
1640 2046 2104 2128 misericordia,
2163 2048 2516 2109 multorum
2577 2046 2686 2108 bo·
2718 2065 2766 2103 15

537 2179 770 2223 norum
801 2157 1095 2240 exemplo
1107 2205 1125 2239 ,
1153 2159 1367 2220 vetere
1397 2153 1860 2219 consuetudine
1888 2153 2316 2234 institutoque
2353 2151 2690 2233 maiorum,

538 2269 624 2328 ut
670 2285 858 2328 onus
906 2263 1098 2327 huius
1146 2264 1386 2327 laboris
1436 2268 1629 2346 atque
1678 2261 1878 2328 officii
1922 2282 2056 2324 non
2102 2281 2181 2323 ex
2225 2281 2368 2323 meo
2380 2308 2398 2342 ,
2453 2259 2564 2323 sed
2613 2282 2691 2323 ex

541 2392 830 2435 meorum
902 2369 1407 2434 necessariorum
1483 2375 1772 2452 tempore
1847 2367 2033 2432 mihi
2116 2361 2688 2451 suscipiendum

540 2482 910 2562 putarem.
988 2541 991 2544 .

720 2584 860 2660 Quo
909 2585 978 2647 in
1020 2585 1283 2670 negotio
1322 2588 1540 2650 tamen
1583 2584 1722 2647 illa
1770 2607 1880 2649 me
1926 2603 2074 2664 reS,
2111 2581 2382 2664 iudiceS,
2420 2601 2689 2644 conso-
2720 2601 2772 2639 20

540 2694 773 2773 latur,
823 2692 994 2772 quod
1040 2691 1231 2775 haec,
1280 2713 1441 2773 quae
1487 2690 1744 2754 videtur
1790 2711 1926 2755 esse
1975 2689 2296 2753 accusatio
2345 2710 2515 2769 mea,
2559 2710 2693 2753 non

542 2797 758 2881 potius
790 2798 1111 2862 accusatio
1146 2821 1339 2882 quam
1379 2796 1664 2861 defensio
1706 2801 1804 2861 est
1841 2795 2281 2861 existimanda.
2348 2793 2690 2858 Defendo

545 2904 714 2969 enim
788 2906 1027 2969 multos
1104 2906 1438 2987 mortales,
1511 2905 1748 2968 multas
1825 2904 2145 2986 civitates,
2209 2901 2692 2985 provinciam

547 3011 894 3081 Siciliam
954 3016 1213 3084 totam.
1307 3011 1513 3089 Quam
1575 3011 1659 3084 ob
1718 3034 1885 3094 rem,
1947 3011 2096 3093 quia
2154 3009 2317 3074 mihi
2374 3030 2540 3072 unus
2598 3012 2695 3071 est

468 3119 472 3123 ’
547 3120 968 3203 accusandus,
1027 3142 1229 3204 prope
1289 3119 1553 3182 modum
1616 3140 1916 3182 manere
1982 3118 2060 3181 in
2118 3116 2486 3180 instituto
2548 3136 2691 3178 meo
2724 3134 2774 3174 25

546 3225 768 3291 videor
849 3231 913 3291 et
994 3248 1127 3290 non
1201 3226 1463 3289 omnino
1531 3249 1568 3288 a
1634 3224 2046 3289 defendendis
2111 3221 2482 3287 hominibus
2550 3220 2696 3285 sub-

546 3333 961 3414 levandisque
1009 3332 1347 3397 discedere.

726 3439 909 3503 Aueh
952 3439 1280 3520 abyesehen
1318 3460 1436 3503 von
1472 3441 1591 3504 den
1626 3441 2041 3522 anyeyebenen
2065 3439 2445 3520 *besonderen
2487 3433 2698 3499 Grim-

550 3548 666 3612 den
716 3547 989 3611 verdient
1031 3548 1149 3610 das
1199 3546 1366 3626 Tun,
1417 3548 1536 3610 das
1580 3546 1681 3610 ioh
1727 3546 2012 3628 vorhabe,
2055 3545 2537 3625 Anerkennuny.

728 3651 896 3727 Quid
944 3657 1067 3735 est,
1112 3674 1229 3735 pro
1279 3653 1468 3716 deum
1514 3653 1981 3735 hominumque
2028 3653 2249 3716 fidem!
2295 3651 2364 3713 in
2410 3670 2535 3730 quo
2576 3668 2695 3731 ego
2729 3669 2784 3707 30

549 3760 661 3824 rei
733 3759 1091 3841 publicae
1142 3759 1319 3843 'plus
1403 3760 1528 3823 hoc
1601 3765 1891 3843 tempore
1967 3759 2329 3843 prodesse
2412 3753 2699 3838 possim?

555 3866 706 3948 quid
781 3870 906 3954 est,
980 3865 1151 3947 quod
1226 3870 1339 3930 aut
1412 3867 1700 3949 populo
1775 3865 2112 3952 Romano
2189 3863 2485 3950 gratius
2562 3881 2698 3924 esse

554 3972 781 4036 debeat
819 3976 931 4036 aut
963 3974 1156 4038 'sociis
1196 3973 1555 4055 exterisque
1594 3973 1964 4038 nationibus
2005 3971 2287 4055 optatius
2327 3990 2464 4033 esse
2493 3967 2701 4052 possit

554 4083 666 4144 aut
702 4080 896 4145 saluti
930 4080 1334 4162 fortunisque
1384 4081 1673 4144 omnium
1718 4080 1924 4164 magis
1972 4076 2525 4142 accommodatum
2575 4073 2702 4138 sit?

553 4187 934 4273 Populatae,
1007 4191 1299 4271 vexatae,
1369 4187 1662 4251 funditus
1739 4206 1992 4250 eversae
2063 4183 2460 4267 provinciae,
2534 4181 2691 4246 socii
2724 4202 2779 4240 35
