3175 4800
557 408 641 473 74
1154 403 1246 457 IV.
1287 361 1370 458 ne
1409 404 1720 473 suppliciis.
1784 379 2111 472 (Auswaiii.)

482 587 513 635 8
551 569 728 654 Ergo
814 569 917 632 1116
1000 567 1314 632 institutis
1399 567 1767 650 provinciae
1848 567 1976 630 iam
2060 570 2230 650 tum,
2313 588 2459 631 cum
2534 567 2707 632 bello

552 676 872 740 sociorum
939 678 1079 740 tota
1141 673 1330 739 Italia
1376 667 1653 757 arderet,
1726 674 1923 738 homo
1988 695 2122 738 non
2187 674 2532 738 acerrimus
2587 695 2708 739 nec

549 782 967 865 fortissimus,
1055 781 1120 846 C.
1166 780 1606 864 Norbanus,
1696 781 1775 845 in
1875 801 2164 845 summo
2266 781 2426 845 otio
2525 780 2706 864 fuit3

547 890 851 974 perfacile
899 889 1069 954 enim
1127 909 1264 953 sese
1313 886 1532 952 Sicilia
1586 889 1716 953 iam
1772 887 2103 970 tuebatur,
2148 891 2224 951 ut
2267 909 2349 952 ne
2398 887 2569 971 quod
2626 910 2707 952 ex

546 996 689 1079 ipsa
762 996 1005 1060 bellum
1079 999 1300 1079 posset
1374 996 1663 1060 existere
1773 994 2035 1058 Etenim
2110 1016 2256 1059 cum
2330 994 2496 1058 nihil
2568 998 2703 1058 tam
2734 1016 2759 1056 5

549 1103 963 1167 coniunctum
1039 1103 1124 1166 sit
1198 1124 1390 1187 quam
1464 1102 1900 1187 negotiatores
1969 1102 2175 1166 nostri
2245 1122 2391 1166 cum
2469 1099 2701 1166 Siculis

546 1231 697 1293 usu,
771 1232 870 1293 re,
943 1210 1214 1292 ratione,
1296 1210 1665 1292 concordia,
1743 1213 1808 1273 et
1887 1230 2033 1273 cum
2112 1209 2240 1292 ipsi
2319 1207 2522 1273 Siculi
2598 1229 2700 1273 res

545 1337 692 1380 suas
766 1317 860 1380 ita
941 1319 1324 1381 constitutas
1397 1317 1708 1398 habeant,
1789 1319 1865 1380 ut
1941 1316 2020 1379 iis
2098 1337 2324 1400 pacem
2404 1314 2703 1399 expediat

546 1444 713 1506 esse,
783 1423 1128 1507 imperium
1194 1426 1409 1486 autem
1473 1423 1703 1506 populi
1769 1422 2047 1487 Romani
2106 1423 2199 1488 616
2263 1422 2564 1508 diligant,
2625 1425 2702 1485 ut

543 1529 610 1592 id
666 1529 965 1593 imminui
1021 1534 1133 1594 aut
1190 1531 1572 1594 commutari
1619 1531 1885 1594 minime
1931 1530 2163 1614 velint,
2220 1551 2496 1614 cumque
2539 1528 2700 1593 haec
2729 1557 2784 1595 10

544 1659 583 1699 a
653 1657 983 1701 servorum
1058 1638 1230 1702 bello
1311 1638 1597 1721 pericula
1671 1640 1736 1702 et
1809 1641 2178 1721 praetorum
2253 1636 2569 1701 institutis
2636 1640 2700 1700 et

543 1742 951 1808 dominorum
1021 1744 1360 1828 disciplina
1426 1744 1687 1828 provisa
1761 1746 1918 1827 sint,
1989 1746 2289 1810 nullum
2363 1747 2480 1808 est
2550 1764 2698 1807 ma-

541 1850 696 1913 lum
762 1851 1301 1934 domesticum,
1376 1852 1575 1936 quod
1641 1875 1730 1916 ex
1792 1853 1961 1936 ipsa
2015 1851 2423 1935 provincia
2484 1850 2698 1914 nasci

543 1976 722 2038 poss
740 1955 820 2021 it.

471 2083 501 2130 9
720 2062 888 2140 Quid
934 2065 1177 2150 igitur?
1247 2064 1570 2131 Nulline
1619 2071 1870 2131 motus
1917 2068 1996 2131 in
2043 2065 2318 2130 Sicilia
2365 2086 2694 2129 servorum
2725 2089 2777 2131 1⁶

541 2169 740 2235 Verre
802 2176 1125 2256 praetore,
1186 2174 1486 2239 nullaene
1548 2176 2001 2239 consensiones
2061 2173 2095 2237 f
2099 2177 2314 2237 actae
2377 2192 2540 2236 esse
2587 2171 2695 2235 di-

541 2278 861 2342 cuntur?
961 2279 1149 2345 Nihil
1223 2302 1402 2364 sane,
1476 2283 1648 2365 quod
1725 2283 1805 2346 ad
1880 2285 2174 2346 senatum
2250 2281 2693 2363 populumque

540 2383 905 2450 Romanum
972 2388 1363 2472 pervenerit,
1425 2381 1649 2473 nihil,
1686 2390 1858 2473 quod
1923 2390 2045 2454 iste
2109 2387 2369 2472 publice
2417 2385 2692 2451 Romam

539 2493 892 2578 scripserit3
931 2499 996 2559 et
1032 2499 1251 2560 tamen
1289 2500 1591 2581 coeptum
1630 2518 1768 2562 6666
1804 2499 1875 2561 111
1904 2495 2125 2561 Sicilia
2161 2495 2408 2560 moveri
2445 2494 2693 2577 aliquot

537 2601 697 2664 locis
755 2602 1088 2665 servitium
1146 2596 1454 2686 suspicor.
1546 2602 1622 2667 Id
1679 2604 1837 2669 adeo
1895 2626 2029 2668 non
2074 2607 2209 2667 tam
2257 2624 2336 2666 ex
2380 2623 2449 2665 re
2498 2622 2690 2685 quam
2719 2626 2771 2666 20

538 2729 618 2770 ex
673 2707 859 2771 istius
916 2708 1102 2772 factis
1161 2710 1558 2795 decretisque
1617 2732 1954 2797 cognosco.
2048 2708 2146 2774 Ac
2200 2709 2442 2791 videte,
2498 2729 2691 2789 quam

536 2836 669 2878 non
714 2814 975 2880 inimico
1025 2816 1240 2881 animo
1290 2818 1411 2881 sim
1459 2822 1746 2902 acturus3
1794 2841 1913 2905 ego
1961 2818 2099 2901 ipse
2145 2817 2332 2898 haec,
2380 2836 2541 2899 quae
2578 2814 2689 2877 ille

539 2922 814 3005 quaerit,
861 2945 1025 3006 quae
1073 2925 1283 2990 adhuc
1327 2948 1684 3009 numquam
1723 2924 2021 3008 audistis,
2067 2923 2585 2989 commemorabo
2625 2925 2690 2985 et

535 3031 882 3112 proferam.
972 3023 977 3027 ’

466 3152 532 3199 10
713 3135 799 3201 111
845 3138 1323 3223 Triocalino,
1371 3163 1562 3224 quem
1600 3143 1817 3205 locum
1845 3140 2108 3226 fugitivi
2135 3140 2262 3202 iam
2293 3140 2440 3200 ante
2468 3138 2686 3199 tenue·
2715 3158 2768 3199 25

531 3248 712 3327 runt,
757 3244 1078 3309 Leonidae
1109 3247 1439 3311 cuiusdam
1471 3245 1672 3312 Siculi
1709 3247 2008 3312 familia
2042 3247 2122 3310 in
2167 3242 2687 3327 suspicionem

533 3355 650 3414 est
686 3355 962 3414 vocata
1000 3353 1595 3419 coniurationis.
1663 3354 1789 3419 Res
1821 3355 2032 3419 delata
2062 3354 2141 3417 ad
2168 3353 2385 3417 istum.
2434 3348 2687 3430 Statim,

533 3460 608 3521 ut
651 3480 770 3540 par
803 3458 958 3541 fuit,
1002 3459 1183 3524 iussu
1221 3460 1720 3545 eiushomines,
1767 3463 1878 3545 qui
1916 3465 2098 3526 erant
2134 3457 2470 3540 nominati,
2515 3477 2685 3521 com-

533 3565 833 3647 prehensi
872 3558 1024 3630 sunt
1061 3567 1448 3652 adductique
1484 3569 1895 3653 Lilybaeum3
1933 3569 2195 3633 domino
2236 3564 2683 3630 denuntiatum

531 3676 651 3756 est,
698 3695 890 3738 causa
937 3675 1134 3758 dicta,
1182 3676 1483 3740 damnati.
1569 3676 1738 3754 Quid
1787 3676 2059 3741 deinde?
2150 3673 2318 3752 Quid
2367 3670 2685 3738 censetis?
2712 3699 2764 3739 so

529 3779 802 3844 Furtum
848 3781 1121 3846 fortasse
1170 3787 1282 3846 aut
1326 3784 1629 3866 praedam
1679 3784 2029 3868 expectatis
2078 3782 2377 3865 aliquam.
2460 3777 2683 3843 Nolite

529 3908 732 3968 usque
811 3909 1064 3971 quaque
1137 3890 1307 3954 idem
1383 3913 1702 3975 quaerere.
1808 3890 1886 3956 In
1947 3892 2126 3954 metu
2199 3886 2357 3951 belli
2428 3883 2683 3949 furandi

528 3995 709 4058 locus
742 3995 853 4078 qui
890 3998 1107 4078 potest
1145 3997 1326 4061 esse?
1388 3999 1609 4062 Etiam
1640 3999 1693 4062 si
1734 4021 1861 4082 qua
1896 3998 2023 4061 fuit
2059 3997 2129 4060 in
2163 3995 2286 4058 hac
2311 4015 2382 4057 re
2412 3991 2684 4073 occasio,

528 4102 976 4184 praetermissa
1023 4108 1135 4168 est.
1219 4104 1385 4169 Tum
1433 4106 1651 4187 potuit
1698 4129 1735 4169 a
1780 4105 2065 4170 Leonida
2109 4122 2524 4167 nummorum
2571 4098 2681 4162 ali·

529 4211 683 4293 quid
723 4209 1000 4293 auferre,
1037 4232 1182 4275 cum
1223 4211 1652 4295 denuntiavit,
1698 4216 1772 4276 ut
1810 4213 2084 4293 adesset3
2130 4210 2257 4274 fuit
2292 4205 2674 4272 nundinatio
2704 4233 2758 4276 35
