3175 4800
1418 395 1486 442 33
1502 421 1567 428 —
1582 394 1666 443 382
2358 411 2362 415 ·
2528 392 2613 455 33

475 552 772 636 cuiquam
782 601 801 636 ,
866 552 1038 635 quod
1103 573 1292 615 suum
1365 552 1492 616 dici
1555 552 1779 635 vellet,
1850 551 2164 616 relictum.
2257 550 2617 638 Fingitur

473 659 820 744 improba
879 658 1254 741 defensio,
1311 662 1673 741 praetorem
1735 657 1925 724 omne
1980 659 2047 722 id
2093 663 2431 744 argentum
2478 664 2617 724 coe-

472 766 692 850 misse3
752 770 1007 830 tamen
1065 765 1141 828 id
1199 765 1452 848 ipsum
1525 765 1842 831 tabulis.
1893 766 2405 829 demonstrari
2466 787 2618 830 non

470 876 745 956 potest.
838 870 936 955 Si,
996 893 1154 954 quas
1214 872 1467 937 tabulas
1524 873 1804 956 profers,
1862 873 1932 937 in
1992 872 2123 955 his,
2178 873 2356 955 quae.
2398 872 2618 955 habes,

420 1002 444 1043 ⁶
474 1001 601 1063 quo
650 979 843 1043 modo
889 979 1158 1062 habeas,
1203 979 1515 1064 scriptum
1560 1002 1697 1045 non
1740 984 1865 1063 est,
1908 979 2142 1044 horum
2189 982 2405 1043 autem
2458 982 2617 1042 tem*-

469 1107 728 1169 porum,
765 1107 911 1150 cum
950 1089 1014 1150 te
1049 1086 1358 1168 plurimas
1394 1107 1497 1150 res
1544 1087 1774 1151 emisse
1821 1086 2008 1170 dicis,
2051 1085 2304 1149 tabulas
2353 1085 2614 1149 omnino

469 1194 682 1257 nullas
739 1193 1017 1276 profers,
1073 1214 1288 1257 nonne
1346 1197 1412 1257 te
1472 1197 1537 1257 et
1595 1193 1863 1278 prolatis
1924 1192 1996 1257 et'
2032 1214 2166 1273 non
2210 1192 2478 1277 prolatis
2525 1192 2617 1255 ta-

469 1300 640 1364 bulis
689 1300 1098 1364 condemnari
1143 1321 1404 1365 necesse
1450 1299 1592 1365 est?

648 1407 748 1470 Tu
794 1430 832 1485 a
875 1405 1279 1491 M.'Coelio,
1335 1408 1550 1490 equite
1606 1405 1929 1490 Romano,
1983 1406 2331 1471 lectissimo
2403 1406 2616 1470 adule-
2652 1424 2719 1474 37

392 1536 444 1576 ιο
472 1517 717 1597 scente,
776 1535 940 1597 quae
986 1514 1278 1597 voluisti,
1330 1513 1625 1598 Lilybaei
1671 1513 2023 1596 abstulisti,
2084 1517 2158 1576 tu
2214 1511 2280 1576 G.
2319 1510 2617 1595 Cacu'ri,

469 1620 756 1704 prompti
826 1620 1108 1684 hominis
1184 1624 1250 1684 et
1323 1620 1708 1703 experientis
1774 1623 1839 1684 et
1901 1620 1972 1683 in
2032 1619 2257 1702 primis
2324 1618 2617 1704 gratiosi,

471 1727 936 1810 supellectilem
966 1732 1241 1790 'omnem
1288 1727 1537 1792 auferre
1582 1748 1717 1791 non
1763 1726 2100 1809 dubitasti,
2149 1729 2224 1790 tu
2270 1725 2615 1789 maximam

471 1838 539 1897 et
572 1833 1071 1916 pulcherrimam
1108 1854 1396 1898 mensam
1435 1834 1699 1898 citream
1729 1857 1767 1897 a
1794 1833 1866 1910 Q.
1895 1833 2210 1897 Lutatio
2248 1831 2617 1915 Diodoro,
2703 1848 2711 1885 t

471 1941 582 2024 qui
630 1940 701 2016 Q.
743 1938 954 2004 Catuli
999 1932 1311 2017 beneficio
1360 1941 1440 2005 ab
1486 1940 1557 2004 L.
1599 1939 1781 2006 Sulla
1826 1941 1983 2006 civis
2030 1938 2360 2004 Romanus
2407 1939 2615 2004 factus
2746 1971 2751 1976 ·

390 2068 440 2109 15
469 2050 594 2130 est,
668 2047 966 2111 omnibus
1042 2047 1390 2111 scientibus
1464 2047 1758 2132 Lilybaei
1831 2047 2172 2111 abstulisti.
2270 2045 2425 2111 Non
2495 2046 2618 2109 tibi

470 2153 735 2236 obicio,..
756 2153 931 2237 quod
975 2153 1307 2218 hominem
1354 2154 1807 2239 dignissimum
1854 2152 1982 2216 tuis
2031 2152 2348 2235 moribus,
2383 2150 2496 2234 Ap
2510 2153 2617 2216 ol-

467 2259 789 2343 lonium,
868 2259 1191 2325 Niconis
1264 2259 1550 2343 filium,
1631 2258 2169 2343 Drepanitanum,
2251 2259 2364 2342 qui
2443 2280 2616 2324 nunc

469 2364 546 2455 A.
586 2364 846 2432 Clodius
893 2371 1186 2452 vocatur,
1233 2367 1438 2432 omni
1484 2370 1803 2454 argento
1852 2366 2094 2452 optime
2148 2366 2320 2431 facto
2382 2366 2616 2451 spoli-

470 2474 620 2538 asti
679 2496 762 2539 ac
823 2475 1324 2560 depeculatus
1388 2497 1491 2559 es;
1550 2478 1751 2539 tace0.
1842 2474 1996 2540 Non
2057 2473 2228 2538 enim
2272 2477 2462 2558 putat
2506 2474 2616 2537 ille

470 2692 535 2751 et
581 2689 820 2752 collum
867 2689 937 2752 in
980 2690 1285 2773 laqueum
1330 2689 1639 2753 inserenti
1701 2688 2084 2771 subvenisti,
2145 2709 2291 2752 cum
2350 2687 2615 2771 pupillis

469 2793 923 2877 Drepanitanis
987 2795 1158 2858 bona
1220 2795 1429 2878 patria
1492 2798 1712 2877 erepta
1776 2816 1921 2858 cum
1986 2794 2099 2858 illo
2173 2794 2448 2878 partitus
2523 2816 2616 2877 es;

470 2901 718 2984 gaudeo
783 2899 1006 2981 etiam,
1065 2901 1121 2963 si
1181 2900 1336 2983 quid
1396 2901 1475 2965 ab
1533 2923 1609 2965 eo
1666 2901 2017 2983 abstulisti,
2073 2904 2138 2964 et
2183 2900 2295 2964 abs
2344 2903 2408 2963 te
2452 2900 2618 2963 1111111

467 3005 705 3070 rectius
741 3006 985 3070 factum
1025 3027 1163 3070 esse
1193 3006 1354 3070 dico,
1418 3005 1532 3071 Ab
1561 3006 1862 3091 Lysone
1899 3028 2050 3070 vero
2078 3006 2618 3089 Lilybaetano,

390 3133 441 3173 25
467 3112 676 3196 primo
759 3112 1047 3196 homine,
1124 3112 1295 3197 apud
1356 3135 1548 3197 quem
1614 3114 1981 3177 deversatus
2056 3127 2151 3195 es,
2223 3111 2614 3195 Apollinis

471 3218 771 3304 signum
855 3221 1195 3285 ablatum
1280 3225 1485 3286 certe
1565 3243 1720 3286 non
1802 3219 2167 3302 oportuit.
2277 3218 2468 3283 Dices
2550 3222 2615 3284 te

471 3324 717 3389 emisse.
793 3323 968 3409 Scio,
1003 3325 1115 3391 HS
1153 3328 1238 3391 M.
1343 3326 1465 3392 ‘Ita
1503 3327 1773 3410 opinor?
1858 3324 2035 3410 Scio,
2080 3327 2363 3410 inquam.
2438 3324 2615 3390 ‘Pro-

467 3431 670 3495 feram
718 3431 1008 3498 litteras.’
1099 3432 1343 3499 Tamen
1392 3435 1459 3498 id
1508 3435 1754 3499 factum
1804 3455 1938 3498 non
1988 3433 2292 3518 oportuit.
2367 3432 2429 3497 A
2481 3456 2614 3517 pu-

466 3538 660 3620 pillo
721 3538 943 3623 Heio,
1006 3540 1110 3606 cui
1171 3539 1236 3605 O.
1274 3539 1615 3606 Marcellus
1674 3544 1855 3605 tutor
1931 3543 2055 3622 est,
2132 3564 2170 3603 a
2233 3561 2361 3623 quo
2426 3562 2615 3623 pecu-

389 3644 643 3708 soniam
707 3645 1013 3730 grandem
1079 3647 1430 3731 eripueras,
1501 3646 1818 3731 scaphia
1892 3667 2056 3710 cum
2131 3646 2612 3711 emblematis

468 3750 827 3835 Lilybaei
871 3756 1091 3817 utrum
1139 3759 1356 3838 empta
1402 3753 1538 3818 esse
1585 3754 1742 3818 dicis
1792 3777 1875 3818 an
1921 3752 2245 3818 confiteris
2292 3753 2555 3837 erepta?

649 3856 776 3923 Sed
841 3857 996 3943 quid
1061 3881 1179 3945 ego
1246 3861 1430 3925 istius
1486 3860 1555 3924 in
1611 3861 1745 3925 eius
1801 3859 1978 3924 modi
2030 3860 2221 3925 rebus
2274 3861 2612 3926 mediocris
2651 3877 2718 3926 38

468 3964 732 4030 iniurias
799 3966 1065 4052 colligo,
1129 3988 1292 4050 quae
1354 3970 1609 4031 tantum
1674 3966 1866 4032 modo
1930 3968 2000 4032 in
2061 3967 2251 4032 furtis
2305 3966 2491 4031 istius
2549 3971 2613 4031 et

471 4072 719 4137 damnis
765 4070 1015 4156 eorum,
1070 4096 1107 4137 a
1154 4073 1386 4157 quibus
1434 4073 1791 4159 auferebat,
1834 4078 2122 4139 versatae
2177 4095 2314 4138 esse
2358 4074 2613 4137 videan-

389 4197 442 4239 86
470 4177 619 4242 tur?
662 4177 984 4264 Accipite,
1021 4180 1076 4244 si
1112 4180 1334 4264 voltis,
1369 4179 1640 4264 iudices,
1675 4201 1811 4245 rem
1851 4180 1985 4244 eius
2032 4181 2237 4263 modi,
2280 4183 2356 4242 ut
2401 4200 2611 4241 amen-

579 4301 761 4342 Gicsros
788 4302 1038 4353 Verrinen,
1067 4315 1107 4342 v.
1128 4303 1287 4343 Bardt.
1330 4304 1458 4343 Text.
2150 4306 2182 4352 3
