3175 4800
1386 381 1454 430 35
1469 406 1533 415 -
1547 380 1633 428 4ο.
2550 379 2635 443 83

487 538 875 604 excitatus
924 560 1027 622 es,
1075 539 1187 623 qui
1231 543 1296 603 te
1343 538 1581 604 totiens
1630 538 1953 604 seniorum
2002 538 2453 622 iuniorumque
2492 561 2636 604 cen·

488 646 674 710 turiis
740 647 853 710 illo
918 646 1164 712 honore
1229 647 1419 712 adfici
1477 646 1952 731 pronuntiavit,
2032 650 2106 710 ut
2169 646 2294 711 hoc
2356 650 2637 730 putares,

488 753 769 837 aliquam
830 752 923 818 rei
982 753 1279 838 publicae
1338 757 1588 838 partem
1649 753 1771 817 tibi
1831 753 2167 837 creditam,
2229 776 2468 818 annum
2515 754 2636 819 tibi

486 861 671 925 illum
729 883 931 925 unum
989 861 1180 925 domo
1215 862 1586 925 {carendum
1631 882 1773 925 esse
1820 860 2217 926 meretricis?
2308 859 2469 925 Cum
2514 860 2636 926 tibi

433 970 695 1032 5sorte
758 967 1203 1053 obtigisset,
1261 968 1378 1033 uti
1440 967 1556 1032 ius
1619 967 1940 1051 diceres,
2000 971 2313 1051 quantum
2372 967 2637 1053 negotii,

488 1074 643 1157 quid
709 1075 919 1139 oneris
979 1075 1277 1158 haberes,
1339 1096 1694 1158 numquam
1760 1075 2103 1160 cogitasti?
2191 1073 2419 1158 Neque
2474 1075 2636 1139 illud

485 1181 755 1246 rationis
817 1181 1130 1265 habuisti,
1187 1182 1240 1246 si
1299 1182 1467 1247 forte
1530 1183 2015 1268 expergefacere
2074 1186 2139 1246 te
2185 1203 2434 1265 posses,
2494 1204 2633 1246 eam

483 1288 916 1371 provinciam,
963 1311 1155 1373 quam
1202 1289 1371 1354 tueri
1418 1289 1729 1375 singulari
1776 1289 2091 1373 sapientia
2136 1292 2329 1373 atque
2373 1289 2635 1375 integri-

485 1398 617 1460 tate
679 1395 942 1461 difficile
1003 1401 1197 1479 esset,
1257 1396 1336 1460 ad
1398 1419 1717 1461 summam
1764 1395 2107 1461 stultitiam
2153 1397 2634 1481 nequitiamque

410 1523 462 1563 ιο
488 1503 784 1568 venisse?
873 1502 1099 1587 Itaque
1145 1526 1278 1567 non
1324 1504 1516 1568 modo
1565 1527 1604 1567 a
1663 1504 1881 1568 domo
1948 1506 2080 1568 tua
2140 1502 2633 1569 Chelidonem

483 1609 554 1673 in
588 1613 891 1694 praetura
929 1611 1265 1682 excludere
1311 1610 1669 1692 noluisti,
1706 1610 1816 1673 sed
1855 1610 1925 1673 in
1963 1608 2330 1674 Chelidonis
2370 1610 2633 1675 domum

483 1720 854 1799 praeturam
901 1720 1107 1781 totam
1170 1716 1473 1781 detulisti.
1568 1716 1847 1781 Secuta
1904 1715 2307 1799 provincia
2366 1719 2507 1799 est3
2565 1716 2636 1780 in
2669 1733 2738 1782 39

487 1844 617 1905 qua
647 1845 1001 1906 numquam
1037 1824 1160 1889 tibi
1187 1823 1365 1888 venit
1399 1824 1469 1888 in
1505 1826 1787 1888 mentem
1826 1845 1960 1888 non
1996 1824 2117 1888 tibi
2153 1823 2390 1888 idcirco
2428 1823 2632 1889 fasces

483 1951 557 1995 ac
587 1951 838 1995 secures
870 1935 935 1995 et
973 1934 1218 1996 tantam
1258 1931 1509 2015 imperii
1537 1931 1670 1995 vim
1700 1927 2075 2026 tantamque
2110 1934 2631 1996 ornamentorum

402 2056 453 2096 15
483 2036 773 2102 omnium
805 2037 1187 2124 dignitatem
1218 2039 1454 2121 datam,
1471 2042 1546 2102 ut
1574 2061 1792 2103 earum
1822 2061 2034 2102 rerum
2065 2038 2131 2102 vi
2159 2042 2222 2102 et
2252 2039 2632 2103 auctoritate

483 2144 700 2209 omnia
736 2146 1046 2230 repagula
1082 2145 1345 2229 pudoris
1386 2145 1713 2228 officiique
1750 2145 2197 2229 perfringeres,
2233 2148 2306 2207 ut
2344 2144 2631 2208 omnium

485 2252 655 2316 bona
695 2252 998 2334 praedam
1029 2254 1223 2334 xtuam
1272 2251 1563 2333 ducereS,
1618 2256 1692 2316 ut
1736 2251 1977 2316 nullius
2023 2272 2124 2315 res
2170 2253 2339 2333 tuta,
2391 2250 2631 2315 nullius

484 2359 712 2423 domus
752 2359 988 2443 clausa,
1024 2358 1264 2423 nullius
1303 2358 1437 2423 vita
1475 2361 1723 2442 saepta,
1757 2359 1999 2425 nuHius
2036 2358 2348 2444 pudicitia
2384 2357 2632 2423 munita

482 2470 709 2531 contra
748 2470 929 2531 tuam
970 2466 1388 2549 cupiditatem
1427 2470 1492 2532 et
1539 2466 1869 2532 audaciam
1917 2471 2137 2550 posset
2183 2487 2346 2549 esse3
2392 2466 2459 2529 in
2507 2489 2633 2549 qua

399 2592 454 2632 20
480 2578 555 2638 tu
591 2577 656 2638 te
692 2575 786 2638 ita
822 2574 1098 2660 gessisti,
1125 2577 1218 2657 ut,
1248 2574 1547 2638 omnibus
1578 2596 1726 2639 cum
1756 2578 2012 2639 teneare
2040 2574 2253 2656 rebus,
2279 2573 2358 2637 ad
2389 2573 2629 2637 bellum

479 2681 904 2767 fugitivorum
963 2681 1325 2767 confugias3
1383 2704 1461 2746 ex
1518 2702 1647 2765 quo
1696 2682 1823 2746 iam
1870 2681 2193 2766 intellegis
2239 2703 2373 2745 non
2435 2678 2627 2745 modo

478 2788 725 2853 nullam
791 2788 912 2852 tibi
977 2787 1443 2869 defensionem,
1508 2789 1618 2852 sed
1684 2788 2029 2852 maximam
2096 2788 2226 2851 vim
2290 2786 2628 2851 criminum

481 2897 799 2975 exortam3
837 2893 963 2956 nisi
997 2894 1165 2956 forte
1192 2892 1403 2977 Italici
1440 2892 1864 2977 fugitivorum
1903 2895 2057 2958 belli
2093 2891 2396 2975 reliquias
2436 2896 2629 2975 atque

482 3000 643 3064 illud
690 2999 1126 3082 Tempsanum
1173 2998 1657 3064 incommodum
1703 2999 2016 3083 proferes,
2064 2998 2144 3062 ad
2191 2999 2364 3081 quod
2408 3020 2627 3064 recens

401 3126 453 3166 25
482 3128 629 3172 cum
667 3110 732 3171 te
768 3109 1248 3190 peropportune
1285 3106 1547 3171 fortuna
1594 3105 1942 3188 attulisset,
1989 3106 2044 3169 si
2082 3105 2236 3189 quid
2280 3106 2351 3169 in
2394 3111 2459 3170 te
2505 3106 2629 3170 vir-

479 3214 638 3278 tutis
700 3218 812 3278 aut
871 3213 1220 3278 industriae
1275 3212 1638 3296 habuisses,
1693 3212 1889 3296 idem,
1947 3213 2058 3296 qui
2104 3234 2354 3296 semper
2397 3213 2629 3296 fueras,

480 3322 781 3387 inventus
830 3343 913 3385 es.

659 3428 823 3493 Cum
887 3427 968 3491 ad
1033 3431 1096 3492 te
1144 3427 1533 3492 Valentini
1597 3428 1922 3491 venissent
1987 3431 2051 3491 et
2114 3448 2231 3510 pro
2293 3426 2371 3490 iis
2427 3425 2623 3503 homo
2660 3443 2731 3491 4ο

479 3536 752 3601 disertus
815 3556 889 3600 ac
948 3534 1214 3617 nobilis,
1272 3534 1354 3598 M.
1395 3534 1665 3617 Marius,
1717 3536 2115 3618 loqueretur,
2171 3536 2243 3596 ut
2288 3533 2622 3618 negotium

398 3661 452 3700 30
481 3643 864 3727 susciperes,
925 3647 1025 3725 ut,
1091 3663 1236 3706 cum
1302 3662 1496 3726 penes
1562 3645 1627 3706 te
1690 3640 2081 3725 praetorium
2147 3658 2387 3704 nomen
2441 3644 2626 3724 esset,

437 3822 445 3829 .
477 3750 559 3814 ad
622 3750 802 3814 illam
857 3771 1119 3833 parvam
1177 3771 1439 3813 manum
1488 3748 2022 3835 exstinguendam
2069 3748 2298 3812 ducem
2342 3751 2409 3813 te
2453 3748 2624 3832 prin-

478 3857 817 3942 cipemque
854 3856 1218 3940 praebereS,
1253 3878 1386 3920 non
1422 3856 1615 3921 modo
1655 3856 1720 3920 id
1765 3855 2159 3940 refugisti,
2206 3854 2317 3920 sed
2360 3877 2434 3920 eo
2481 3855 2622 3939 ipso

478 3966 767 4047 tempore
816 3985 962 4028 cum
1011 3984 1178 4027 esses
1226 3962 1295 4027 in
1338 3964 1555 4046 litore,
1604 3963 1864 4028 Tertia
1908 3963 2049 4026 illa
2094 3967 2234 4044 tua,
2296 3984 2487 4044 quam
2550 3965 2622 4024 tu

477 4074 709 4135 tecum·
753 4070 1150 4154 deportaras,
1213 4075 1375 4135 erat
1434 4071 1512 4134 in
1572 4070 1905 4134 omnium
1967 4072 2410 4152 conspectu3
2464 4067 2621 4150 ipsis

397 4195 451 4236 ⁸5
480 4180 696 4242 autem
742 4176 1171 4242 Valentinis
1234 4201 1313 4243 ex
1371 4181 1504 4241 tam
1565 4177 1823 4242 inlustri
1881 4176 2212 4259 nobilique
2271 4171 2621 4253 municipio

2121 4296 2191 4348 6*
