3175 4800
435 1207 500 1254 62

435 2278 501 2325 63

435 2917 503 2964 64

542 391 580 454 8
969 386 1011 442 1.
1051 387 1339 442 Divinatio
1377 388 1437 441 in
1476 387 1537 452 Q.
1565 387 1890 449 Caecilium.
1933 388 2260 458 (Auswahl.)

539 550 706 615 hanc
752 573 947 615 unam
996 551 1078 615 ob
1128 572 1385 616 causam
1432 554 1496 615 te
1544 555 1980 616 accusatorem
2025 553 2349 635 repudiari
2395 556 2686 637 putarem

542 660 855 739 oportere.
923 655 1030 722 Sic
1078 658 1249 722 enim
1296 680 1333 721 a
1379 658 1729 723 maioribus
1766 658 2005 723 nostris
2044 659 2435 743 accepimus,
2477 682 2689 744 prae-

539 768 789 828 torem
838 764 1233 847 quaestori
1281 786 1414 829 suo
1463 765 1811 849 parentis
1858 768 2030 831 1000
2081 787 2246 831 0880
2303 770 2689 851 oportere3

540 871 785 934 nullam
813 892 1023 955 neque
1051 871 1385 936 iustiorem
1412 893 1622 955 neque
1651 871 2012 958 graviorem
2051 894 2308 939 causam
2344 872 2690 938 necessitu-

541 977 706 1041 dinis
773 999 962 1061 posse
1024 978 1292 1062 reperiri
1358 1000 1550 1062 quam
1618 980 2136 1044 coniunctionem
2201 979 2421 1063 sortis,
2496 1000 2688 1062 quam
2719 1001 2742 1040 5

540 1084 934 1168 provinciae,
1000 1106 1192 1168 quam
1259 1085 1487 1169 officii,
1553 1107 1746 1169 quam
1818 1086 2065 1170 publici
2138 1077 2419 1151 muneris
2495 1087 2688 1151 socie-

541 1195 757 1256 tatem.
853 1192 1059 1269 Quam
1126 1193 1210 1257 ob
1275 1215 1412 1257 rem
1478 1193 1546 1256 si
1610 1193 1774 1257 iure
1839 1215 2104 1278 posses
2171 1216 2317 1259 eum
2374 1214 2690 1277 accusare,

540 1302 783 1381 tamen,
857 1320 1000 1363 cum
1076 1299 1131 1363 is
1197 1299 1320 1364 tibi
1392 1300 1678 1383 parentis
1749 1321 2019 1364 numero
2092 1300 2348 1384 fuisset,
2420 1301 2494 1365 id
2567 1300 2689 1384 pie

538 1405 791 1470 facere
835 1428 987 1470 non
1031 1427 1326 1491 posses3
1377 1428 1523 1470 011111
1568 1429 1721 1471 vero
1767 1427 1977 1489 neque
2022 1406 2323 1472 iniuriam
2371 1408 2687 1492 acceperis

539 1515 605 1576 et
649 1513 931 1597 praetori
989 1516 1102 1576 tuo
1165 1512 1523 1597 periculum
1585 1534 1787 1598 crees,
1843 1514 2103 1579 fatearis
2162 1536 2421 1580 necesse
2483 1519 2580 1580 est
2623 1519 2689 1579 te
2719 1523 2770 1574 io
2809 1563 2813 1566 .

539 1620 636 1684 illi
689 1620 1002 1700 iniustum
1049 1621 1451 1705 impiumque
1506 1621 1752 1686 bellum
1806 1621 2042 1687 inferre
2103 1623 2337 1689 conari.
2428 1623 2687 1687 Etenim

540 1728 664 1792 ista
712 1732 1055 1810 quaestura
1101 1728 1181 1791 ad
1229 1750 1369 1792 eam
1415 1751 1552 1792 rem
1600 1730 1800 1812 valet,
1836 1733 1911 1794 ut
1948 1731 2409 1796 elaborandum
2431 1729 2577 1794 'tibi
2622 1729 2690 1791 in

538 1835 787 1899 ratione
845 1833 1168 1898 reddenda
1228 1834 1339 1916 sit,
1401 1854 1596 1915 quam
1657 1834 1739 1898 ob
1798 1857 1965 1917 rem,
2026 1839 2137 1919 qui
2198 1841 2500 1920 quaestor
2554 1836 2687 1899 eius

538 1940 764 2023 fueris,
800 1961 1088 2023 accuses,
1121 1961 1256 2004 non
1291 1943 1365 2004 ut
1404 1940 1486 2004 ob
1526 1962 1667 2004 eam
1704 1940 1912 2024 ipsam
1943 1962 2200 2005 causam
2230 1941 2688 2026 postulandum

540 2049 656 2131 sit,
732 2051 807 2112 ut
882 2046 1006 2112 tibi
1069 2047 1478 2131 potissimum
1558 2047 1880 2111 accusatio
1957 2046 2158 2111 detur.
2249 2045 2478 2128 Neque
2555 2045 2686 2108 fere
2717 2064 2766 2102 15

540 2176 846 2238 umquam
895 2154 1073 2220 venit
1126 2154 1196 2219 in
1242 2154 1722 2220 contentionem
1769 2153 1847 2218 de
1899 2154 2286 2237 accusandO,
2342 2152 2452 2235 qui
2501 2172 2686 2234 quae-

541 2268 678 2328 stor
720 2263 977 2346 fuisset,
1025 2263 1182 2344 quin
1226 2262 1799 2346 repudiaretur....
1874 2258 2186 2344 Semper
2229 2260 2415 2325 haec
2463 2280 2688 2324 causa

540 2370 954 2454 plurimum
1027 2369 1304 2453 valuit,
1370 2390 1624 2452 semper
1684 2368 1844 2433 haec
1906 2368 2072 2433 ratio
2149 2366 2491 2434 accusandi
2563 2365 2688 2431 fuit

539 2477 1019 2560 honestissima,
1092 2499 1226 2560 pro
1294 2475 1555 2558 sociis,
1629 2498 1746 2560 pro
1822 2477 2029 2540 salute
2102 2475 2497 2560 provinciae,
2569 2495 2685 2557 pro

541 2589 902 2649 exterarum
960 2583 1299 2647 nationum
1360 2583 1715 2647 commodis
1776 2560 2145 2647 inimicitias
2203 2582 2554 2665 suscipere,
2609 2581 2687 2645 ad
2716 2601 2768 2640 20

540 2691 896 2775 periculum
944 2690 1269 2772 accedere,
1335 2711 1625 2773 operam,
1686 2689 2002 2772 studium,
2053 2690 2395 2754 laborem
2452 2689 2687 2752 inter-

540 2819 839 2881 ponere.
2325 2786 2337 2799 ”

717 2903 978 2967 Etenim
1035 2903 1090 2968 si
1144 2903 1497 2988 probabilis
1555 2906 1655 2967 est
1711 2924 1933 2967 eorum
1991 2923 2209 2986 causa,
2266 2903 2377 2985 qui
2422 2903 2687 2967 iniurias

540 3031 685 3075 suas
760 3011 1059 3095 persequi
1123 3011 1379 3095 volunt,
1454 3030 1580 3093 qua
1653 3009 1722 3074 in
1783 3032 1853 3074 re
1920 3010 2127 3074 dolori
2192 3031 2338 3092 suo,
2399 3032 2534 3074 non
2596 3009 2689 3073 rei

539 3119 836 3201 publicae
884 3118 1237 3183 commodis
1287 3118 1603 3199 serviunt,
1660 3120 1901 3199 quanto
1948 3116 2063 3178 issa
2107 3115 2441 3180 honestior
2497 3137 2687 3180 causa
2717 3135 2767 3174 25

541 3229 664 3308 est,
726 3246 888 3307 quae
947 3247 1082 3289 non
1141 3226 1352 3289 solum
1412 3221 1765 3307 probabilis
1822 3220 2053 3304 videri,
2107 3221 2219 3286 sed
2265 3221 2459 3286 etiam
2506 3226 2689 3308 grata

541 3353 678 3396 esse
725 3332 942 3415 debet,
986 3332 1167 3395 nulla
1213 3329 1516 3414 privatim
1564 3332 1828 3413 accepta
1863 3328 2098 3393 iniuria
2135 3329 2457 3394 sociorum
2496 3334 2687 3412 atque

543 3439 895 3503 amicorum
956 3438 1183 3522 populi
1228 3436 1506 3501 Romani
1567 3435 1788 3500 dolore
1849 3439 2042 3518 atque
2102 3436 2351 3500 iniuriis
2408 3458 2687 3501 commo-

540 3546 701 3610 veri!
733 3595 747 3609 .
777 3596 790 3609 .
823 3596 835 3609 .

720 3650 880 3716 Cum
924 3653 1033 3715 lex
1077 3651 1220 3734 ipsa
1266 3650 1343 3715 de
1390 3650 1679 3734 pecuniis
1724 3651 2097 3733 repetundis
2136 3650 2457 3715 sociorum
2495 3655 2686 3733 atque
2716 3672 2768 3712 ao

542 3759 894 3824 amicorum
942 3758 1168 3841 populi
1205 3756 1483 3822 Romani
1520 3761 1794 3842 patrona
1840 3757 1952 3840 sit,
1996 3757 2346 3840 iniquum
2395 3761 2511 3822 est
2554 3780 2688 3821 non

542 3888 688 3930 eum
750 3865 914 3952 legis
979 3864 1328 3947 iudiciique
1394 3867 1677 3929 actorem
1740 3863 2045 3929 idoneum
2111 3865 2389 3929 maxime
2454 3865 2687 3948 putari,

543 3995 734 4056 quem
813 3977 1095 4038 actorem
1170 3992 1398 4036 causae
1463 3992 1615 4035 suae
1681 3971 1838 4035 socii
1900 3971 2428 4055 defensoremque
2485 3971 2686 4035 fortu-

539 4103 767 4145 narum
815 4102 1074 4144 suarum
1122 4078 1530 4163 potissimum
1579 4099 1716 4142 esse
1762 4080 2122 4143 voluerunt.
2206 4077 2339 4161 An,
2388 4078 2559 4160 quod
2607 4078 2686 4141 ad

541 4188 1173 4253 commemorandum
1239 4190 1336 4250 est
1398 4185 1761 4268 honestius,
1821 4184 1886 4249 id
1948 4185 2027 4250 ad
2074 4185 2479 4270 probandum
2533 4206 2684 4248 non
2714 4204 2766 4245 35
