3175 4800
549 350 636 428 52
1202 346 1295 402 III.
1333 347 1419 401 De
1457 346 1650 416 signis.
1709 347 2035 417 (Auswahl.)

549 534 879 577 servorum
945 512 1335 575 armatorum
1400 510 1498 574 fit
1563 531 1983 576 concursus
2050 514 2278 595 atque
2342 512 2696 596 impetus.

550 617 807 683 Clamor
851 641 889 682 a
933 617 1238 703 vigilibus
1284 617 1545 700 fanique
1593 614 1967 683 custodibus
2003 618 2282 703 tollitur3
2330 620 2442 703 qui
2485 620 2695 703 primo

550 747 698 790 cum
771 724 1081 789 obsistere
1155 745 1228 788 ac
1301 724 1640 790 defendere
1714 729 2128 809 conarentur,
2201 727 2367 791 male
2431 728 2698 792 mulcati

551 832 747 897 clavis
795 853 870 896 ac
915 831 1196 896 fustibus
1241 832 1660 915 repelluntur.
1734 831 1967 896 Postea
2013 834 2334 899 convolsis
2370 835 2695 921 repagulis

548 939 955 1022 effractisque
999 938 1204 1003 valvis
1244 939 1538 1003 demoliri
1574 940 1833 1025 signum
1872 961 1945 1004 ac
1981 940 2272 1005 vectibus
2309 941 2696 1009 labefactare
2726 962 2752 1001 5

549 1049 883 1111 conantur.
955 1044 1208 1111 Interea
1255 1069 1334 1110 ex
1379 1048 1658 1111 clamore
1702 1047 1875 1111 fama
1920 1049 2060 1111 tota
2103 1047 2263 1112 urbe
2298 1048 2697 1131 percrebruit

547 1152 905 1238 expugnari
964 1153 1116 1219 deos
1178 1154 1420 1238 patrios
1475 1175 1610 1217 non
1653 1153 1940 1218 hostium
1988 1154 2267 1218 adventu
2310 1156 2695 1240 necopinato

548 1281 758 1341 neque
811 1261 1147 1344 repentino
1205 1260 1602 1344 praedonum
1647 1261 1926 1344 impetu,
1981 1262 2091 1325 sed
2138 1284 2217 1325 ex
2263 1261 2455 1327 domo
2504 1267 2696 1347 atque

468 1416 471 1421 .
551 1388 630 1430 ex
668 1366 930 1431 cohorte
967 1367 1287 1451 praetoria
1324 1390 1588 1431 manum
1626 1367 2048 1453 fugitivorum
2085 1368 2468 1433 instructam
2495 1392 2696 1434 arma-

444 1491 511 1540 95

448 3310 515 3357 96

550 1475 811 1556 tamque
838 1473 1104 1539 venisse.
1160 1473 1370 1540 Nemo
1408 1473 1752 1561 Agrigenti
1786 1497 1996 1559 neque
2033 1479 2241 1540 aetate
2278 1479 2411 1540 tam
2449 1476 2700 1541 adfecta
2728 1498 2781 1539 ιο

549 1602 759 1664 neque
817 1580 1060 1645 viribus
1121 1583 1255 1645 tam
1314 1581 1587 1646 infirmis
1654 1582 1808 1666 fuit,
1868 1582 1980 1666 qui
2036 1605 2170 1646 non
2227 1582 2341 1647 illa
2384 1587 2575 1649 nocte
2621 1607 2695 1648 eo

549 1688 779 1752 nuntio
843 1688 1156 1752 excitatus
1218 1690 1565 1753 surrexerit
1622 1690 1982 1773 telumque,
2042 1689 2213 1773 quod
2276 1690 2506 1772 cuique
2564 1690 2697 1754 fors

552 1794 888 1876 offerebat,
935 1795 1290 1878 arripuerit.
1374 1794 1602 1879 Itaque
1647 1796 1864 1860 brevi
1907 1800 2256 1879 tempore
2302 1797 2697 1862 ad‘fanum

551 1923 641 1965 ex
686 1901 872 1965 urbe
918 1905 1087 1966 tota
1133 1903 1639 1967 concurritur.
1714 1901 1961 1967 Horam
2008 1903 2284 1987 amplius
2321 1904 2450 1967 iam
2486 1904 2556 1966 in
2591 1903 2694 1966 de-

552 2008 876 2073 moliendo
906 2009 1092 2095 signo
1121 2009 1429 2094 permulti
1455 2009 1751 2075 homines
1781 2010 2239 2093 moliebantur3
2265 2009 2424 2073 illud
2450 2010 2693 2073 interea
2720 2027 2772 2068 15

549 2116 730 2179 nulla
773 2116 1036 2181 lababat
1081 2140 1161 2181 ex
1206 2121 1417 2201 parte,
1471 2139 1620 2182 cum
1667 2117 1778 2181 alii
1821 2117 2114 2182 vectibus
2162 2116 2461 2182 subiectis
2482 2198 2489 2207 .
2509 2137 2693 2180 cona-

549 2226 774 2286 rentur
809 2245 1240 2309 commovere,
1275 2225 1387 2289 alii
1424 2224 1778 2310 deligatum
1816 2224 2114 2289 omnibus
2143 2223 2449 2289 membris
2474 2245 2697 2307 rapere

553 2329 632 2392 ad
694 2350 761 2393 se
823 2330 1121 2395 funibus:
1187 2352 1259 2395 ac
1322 2335 1587 2416 repente
1651 2330 2064 2418 Agrigentini
2123 2333 2539 2415 concurrunt3
2602 2330 2700 2394 fit

553 2459 822 2523 magna
865 2438 1283 2523 lapidati03
1330 2440 1511 2503 d'ant
1558 2459 1723 2503 sese
1760 2439 1838 2503 in
1874 2439 2130 2524 fugam
2167 2420 2701 2523 istius'praeclari

552 2544 956 2627 imperatoris
1011 2546 1379 2610 nocturni
1433 2547 1741 2611 milites.
1834 2545 1980 2610 Duo
2036 2549 2254 2609 tamen
2302 2546 2515 2629 sigilla
2560 2567 2698 2629 per·
2726 2565 2781 2604 20

553 2652 817 2734 parvola
875 2653 1142 2736 tollunt,
1199 2675 1281 2717 ne
1341 2653 1605 2718 omnino
1671 2653 1893 2717 inanes
1940 2652 2019 2716 ad
2065 2652 2263 2715 istum
2310 2651 2697 2734 praedonem

533 2757 941 2842 religionum
987 2762 1405 2824 revertantur.
1486 2759 1863 2843 Numquam
1908 2762 2041 2836 tam
2089 2759 2256 2822 male
2302 2761 2399 2822 est
2447 2755 2701 2840 Siculis,

555 2863 713 2947 quin
776 2865 1018 2949 aliquid
1077 2866 1282 2931 facete
1329 2870 1392 2931 et
1439 2867 1775 2932 commode
1831 2866 2075 2949 dicant,
2128 2866 2308 2929 velut
2352 2865 2422 2928 in
2464 2863 2587 2929 hac
2630 2886 2700 2927 re

553 2971 810 3036 aiebant
853 2973 932 3036 in
994 2973 1296 3038 labores
1361 2973 1722 3039 Herculis
1786 2995 1936 3037 non
2001 2973 2246 3036 minus
2303 2971 2502 3035 hunc
2565 2971 2700 3033 im-

553 3066 1087 3144 manissimum.
1134 3104 1426 3146 verrem
1475 3102 1693 3165 quam
1749 3065 1969 3143 illum
2027 3101 2289 3162 aprum
2334 3078 2699 3161 Eryman·
2727 3097 2780 3138 25

552 3186 799 3251 thium
844 3187 1119 3252 referri
1165 3192 1537 3271 oportere.

731 3292 919 3358 Hanc
976 3294 1283 3359 virtutem
1342 3292 1917 3381 Agrigentinorum
1975 3291 2214 3357 imitati
2272 3295 2424 3356 sunt
2469 3289 2610 3354 Ass
2628 3312 2701 3353 o-

553 3400 706 3464 rini
748 3403 1008 3484 postea,
1051 3401 1174 3465 viri
1217 3403 1417 3466 fortes
1466 3404 1529 3464 et
1564 3395 1816 3483 fideles,
1861 3400 1971 3464 sed
2008 3421 2415 3482 nequaquam
2453 3420 2532 3462 ex
2566 3400 2701 3460 tam

556 3509 770 3592 ampla
813 3525 1023 3591 neque
1068 3511 1203 3572 tam
1249 3531 1329 3572 ex
1372 3508 1577 3572 nobili
1618 3507 1893 3571 civitate.
1969 3505 2293 3590 Chrysas
2342 3506 2440 3569 e'st
2477 3504 2704 3587 amnis,

556 3615 669 3697 qui
722 3638 839 3698 per
882 3614 1339 3680 Assorinorum
1399 3637 1585 3700 agros
1643 3614 1803 3679 fluit.
1897 3612 1960 3678 Is
2017 3613 2187 3696 apud
2234 3612 2380 3675 illos
2427 3611 2704 3675 habetur
2730 3631 2784 3670 ³0

557 3721 712 3785 deus
769 3725 834 3785 et
883 3721 1266 3807 religione
1322 3722 1647 3788 maxima
1703 3721 2005 3786 colitur.
2109 3719 2358 3784 Fanum
2414 3719 2550 3784 eius
2607 3721 2704 3782 est

556 3827 626 3890 in
684 3849 838 3912 agro
899 3832 1164 3912 propter
1219 3829 1427 3912 ipsam
1473 3830 1674 3913 viam,
1733 3851 1861 3913 qua
1905 3827 2147 3893 Assoro
2203 3827 2336 3891 itur
2387 3825 2703 3891 Hennam.

557 3933 635 3999 In
680 3955 774 3999 veo
842 3933 1175 4019 Chrysae
1242 3936 1737 4001 simulacrum
1804 3939 1901 4001 est
1963 3936 2287 4020 praeclare
2351 3933 2595 3998 factum
2669 3953 2704 3995 e

557 4064 890 4107 marmore.
981 4041 1055 4107 Id
1115 4042 1237 4107 iste
1295 4064 1558 4125 poscere
1605 4042 1949 4108 Assorinos
2003 4044 2269 4126 propter
2315 4040 2705 4126 singularem

559 4150 694 4214 eius
740 4149 876 4213 fani
918 4149 1297 4235 religionem
1342 4172 1476 4214 non
1521 4170 1714 4213 ausus
1762 4154 1887 4234 est3
1946 4148 2393 4232 Tlepolemo
2448 4146 2576 4210 dat
2632 4148 2705 4209 et
2734 4162 2787 4204 35
