3175 4800
485 1202 554 1250 90

605 382 690 445 98
1201 378 1294 432 IV.
1334 378 1417 432 De
1456 378 1766 447 suppliciis,
1823 378 2150 448 (Auswahl.)

601 523 974 606 Cleomenes
1021 562 1156 605 non
1209 544 1391 605 tanto
1449 545 1597 605 ante
1644 541 1944 627 fugisset,
2001 543 2217 625 aliqua
2261 546 2481 608 tamen
2527 544 2608 608 ad
2653 568 2749 612 re-

601 649 957 714 sistendum
994 649 1159 713 ratio
1188 648 1435 713 fuisset.
1500 647 1663 712 Erat
1692 649 1863 712 enim
1893 649 2031 712 sola
2059 649 2172 713 illa
2197 651 2380 715 navis
2421 637 2751 717 constrata

596 760 660 820 et
698 756 789 820 ita
827 777 1088 841 magna,
1124 758 1198 819 ut
1234 756 1725 840 propugnaculo
1766 756 1991 820 ceteris
2030 760 2249 838 posset
2287 778 2454 841 esse,
2492 780 2655 842 quae
2694 761 2750 824 si

593 863 663 926 in
708 863 1105 947 praedonum
1154 884 1373 948 pugna
1417 866 1808 944 versaretur,
1852 861 2029 926 urbis
2068 863 2274 927 instar
2308 863 2544 929 habere
2581 866 2751 931 inter

592 971 738 1034 illos
813 969 1118 1053 piraticos
1195 990 1621 1054 myoparones
1694 968 2047 1053 videretur3
2123 971 2234 1034 sed
2306 974 2447 1035 tum
2521 971 2746 1056 inopes
2778 997 2802 1037 5

591 1077 854 1142 relicti
916 1077 1003 1141 ab
1066 1078 1255 1141 duce
1314 1076 1769 1160 praefectoque
1830 1077 2050 1141 classis
2113 1077 2427 1141 eundem
2483 1100 2748 1143 neces·

593 1185 795 1248 sario
844 1205 1149 1248 cursum
1195 1188 1455 1247 tenere
1503 1187 1944 1266 coeperunt.
2017 1182 2332 1249 Helorum
2380 1207 2629 1268 versus,
2674 1190 2749 1250 ut

592 1293 728 1375 ipse
777 1291 1179 1372 Cleomenes,
1225 1290 1316 1353 ita
1354 1290 1549 1354 ceteri
1586 1290 2010 1376 navigabant,
2054 1313 2265 1375 neque
2304 1292 2362 1356 ei
2398 1295 2533 1357 tam
2570 1315 2745 1377 prae-

591 1398 834 1462 donum
862 1398 1176 1481 impetum
1206 1397 1563 1482 fugiebant,
1593 1419 1785 1481 quam
1815 1396 2268 1481 imperatorem
2298 1400 2743 1482 sequebantur.

591 1503 778 1588 Tum,
842 1505 915 1568 ut
982 1504 1255 1587 quisque
1318 1504 1388 1567 in
1450 1505 1609 1590 fuga
1681 1509 2075 1589 postremus,
2148 1507 2241 1571 ita
2312 1507 2382 1570 in
2454 1505 2741 1590 periculo
2776 1532 2828 1571 ιο

532 1691 537 1696 .
590 1611 888 1696 princeps
948 1616 1110 1696 erat3
1165 1615 1560 1695 postremam
1610 1613 1780 1676 enim
1839 1634 2160 1697 quamque
2215 1636 2446 1678 navem
2500 1614 2745 1697 piratae

484 2377 547 2427 91

480 3447 547 3495 92

590 1718 866 1802 primam
905 1718 1375 1783 adoriebantur.
1439 1718 1539 1783 Ita
1584 1720 1831 1804 prima
1875 1719 2481 1786 Haluntinorum
2526 1721 2743 1785 navis

591 1826 930 1908 capitur,
986 1826 1140 1909 quoi
1195 1829 1487 1909 praeerat
1547 1825 1945 1892 Haluntinus
2006 1827 2203 1892 homo
2265 1828 2502 1893 nobilis
2513 1827 2745 1912 „Phy-

587 1931 876 2012 larchus,
951 1923 1142 2015 quem
1215 1933 1293 1996 ab
1368 1933 1497 1997 illis
1572 1934 2005 2017 praedonibus
2087 1934 2435 2000 Locrenses
2517 1938 2743 2018 postea

588 2039 846 2123 publice
891 2039 1330 2123 redemerunt3
1376 2062 1451 2103 ex
1500 2061 1628 2123 quo
1665 2062 1781 2106 vos
1818 2041 2033 2126 priore
2072 2042 2319 2107 actione
2355 2042 2563 2104 iurato
2599 2062 2737 2104 rem
2769 2063 2821 2103 ιε

590 2169 847 2211 omnem
895 2168 1280 2230 causamque
1346 2131 1691 2233 cognostis.
1793 2147 2090 2213 Deinde
2156 2146 2738 2232 Apolloniensis

587 2255 806 2319 navis
855 2254 1186 2345 capitur,
1233 2257 1296 2318 et
1343 2255 1478 2319 eius
1526 2255 1887 2338 praefectus
1926 2253 2373 2338 Anthropinus
2413 2253 2741 2319 occiditur·

590 2360 768 2426 Haec
829 2360 982 2425 dum
1049 2364 1356 2446 aguntur,
1420 2361 1666 2427 interea
1732 2361 2103 2427 Cleomenes
2169 2362 2298 2426 iam
2374 2362 2453 2427 ad
2516 2360 2743 2426 Helori

588 2469 743 2533 litus
816 2471 1219 2552 pervenerat3
1293 2468 1421 2533 iam
1497 2491 1635 2535 sese
1708 2471 1778 2534 in
1849 2475 2086 2534 terram
2151 2493 2184 2534 e
2248 2469 2399 2534 navi
2472 2470 2742 2534 eiecerat

591 2575 1187 2660 quadrirememque
1231 2576 1653 2641 fluctuantem
1701 2578 1771 2640 in
1815 2578 1950 2642 salo
1996 2578 2360 2660 reliquerat.
2430 2576 2742 2661 Reliqui
2769 2600 2821 2638 20

590 2682 896 2765 praefecti
951 2683 1243 2765 navium,
1291 2704 1437 2747 cum
1484 2684 1553 2747 in
1599 2689 1836 2748 terram
1882 2685 2233 2768 imperator
2279 2684 2541 2767 exisset,
2594 2706 2740 2748 cum

588 2790 715 2873 ipsi
787 2811 995 2873 neque
1068 2811 1427 2875 repugnare
1500 2813 1708 2874 neque
1774 2792 1936 2856 mari
2002 2793 2283 2877 effugere
2346 2793 2480 2855 ullo
2548 2790 2738 2856 modo

587 2902 880 2982 possent,
927 2897 1210 2981 adpulsis
1259 2897 1340 2961 ad
1376 2897 1694 2963 Helorum
1729 2880 2001 2963 navibus
2051 2898 2532 2963 Cleomenem
2573 2902 2738 2982 ‘per-

589 3006 838 3070 secuti
903 3009 1096 3068 sunt.
1172 3005 1337 3069 'I'um
1411 3006 1809 3088 praedonum
1886 3006 2017 3070 dux
2089 3005 2402 3070 Heracleo
2475 3009 2737 3088 repente

586 3116 840 3195 praeter
886 3134 1064 3196 spem
1113 3135 1246 3177 non
1302 3134 1417 3176 sua
1468 3114 1738 3196 virtute,
1796 3114 1907 3177 sed
1958 3113 2142 3177 istius
2195 3111 2461 3176 avaritia
2513 3110 2734 3193 nequi·
2765 3131 2818 3171 25

586 3220 803 3302 tiaque
868 3220 1077 3284 victor
1142 3220 1409 3283 classem
1476 3220 1973 3303 pulcherrimam
2037 3217 2265 3303 populi
2327 3216 2604 3281 Romani
2668 3216 2732 3280 in

585 3326 741 3388 litus
799 3326 1132 3408 expulsam
1189 3329 1252 3389 et
1308 3326 1596 3410 eiectam,
1652 3349 1799 3391 cum
1852 3327 2133 3411 primum
2179 3326 2738 3409 invesperasceret,

587 3431 973 3495 inflammari
1028 3432 1408 3515 incendique
1463 3432 1668 3498 iussit.
1761 3432 1815 3498 O
1870 3438 2126 3516 tempus
2183 3433 2488 3497 miserum
2544 3434 2736 3513 atque

587 3540 888 3604 acerbum
935 3539 1301 3623 provinciae
1350 3538 1633 3604 Siciliae!
1690 3539 1744 3605 O
1794 3562 2013 3605 casum
2055 3541 2242 3604 illum
2288 3539 2508 3603 multis
2555 3538 2735 3602 inno·

587 3647 879 3711 centibus
929 3646 1374 3711 calamitosum
1413 3650 1607 3730 atque
1645 3647 2000 3712 funestum!
2062 3645 2116 3711 O
2156 3645 2343 3711 istius
2379 3644 2731 3729 nequitiam
2765 3666 2817 3705 so

585 3776 660 3818 ac
706 3753 1173 3837 turpitudinem
1221 3740 1640 3839 singularem!
1723 3753 1871 3820 Una
1917 3757 2111 3837 atque
2158 3754 2379 3818 eadem
2417 3775 2548 3817 nox
2585 3756 2737 3835 erat,

587 3882 714 3942 qua
778 3864 1037 3942 praetor
1109 3861 1343 3925 amoris
1409 3862 1790 3945 turpissumi
1854 3861 2142 3944 flamma,
2208 3860 2429 3926 classis
2510 3858 2735 3943 populi

585 3966 863 4031 Romani
944 3966 1340 4050 praedonum
1422 3968 1720 4033 incendio
1805 3968 2261 4054 conflagrabat.
2362 3966 2638 4030 Adfert
2652 3987 2736 4028 ur

582 4078 810 4139 nocte
855 4074 1324 4158 intempesta
1370 4077 1583 4160 gravis
1631 4076 1897 4141 huiusce
1945 4076 2099 4140 mali
2144 4073 2463 4139 nuntius
2513 4070 2735 4156 Syra-

583 4203 832 4265 cusas3
893 4182 1172 4245 curritur
1227 4182 1304 4244 ad
1360 4183 1783 4267 praetorium,
1840 4206 1967 4267 quo
2023 4184 2220 4247 istum
2271 4204 2350 4245 ex
2396 4181 2509 4245 illo
2557 4202 2735 4263 prae·
2765 4199 2816 4239 35
