3175 4800
490 2262 555 2310 77

490 2387 556 2438 81

599 385 687 449 46
1258 379 1352 434 ΙΙΙ.
1386 380 1471 434 De
1509 379 1701 450 signis.
1760 379 2086 448 (Auswahl.)

600 546 723 610 iste
790 544 994 608 nihilo
1069 543 1396 610 remissius
1472 547 1666 625 atque
1748 542 1939 606 etiam
2022 543 2228 607 multo
2301 540 2743 605 vehementius

600 653 870 717 instaret
934 652 1195 734 cotidie,
1256 672 1359 715 res
1424 650 1639 736 agitur
1699 649 1771 713 in
1834 652 2076 714 senatu.
2168 647 2600 713 Vehementer
2661 646 2742 711 ab

600 760 902 824 omnibus
948 761 1350 825 reclamatur.
1432 756 1659 840 Itaque
1705 757 1819 821 illo
1865 760 2153 840 tempore
2200 777 2273 820 ac
2308 753 2517 839 primo
2555 753 2742 818 istius

599 867 880 931 adventu
917 870 1320 951 pernegatur.
1402 863 1710 947 Postea,
1756 861 2122 948 quicquid
2168 866 2330 927 erat
2376 861 2628 926 oneris
2673 861 2745 925 in

597 975 814 1038 nautis
860 973 1358 1059 'remigibusque
1419 971 1778 1057 exigendis,
1840 971 1909 1034 in
1964 970 2288 1034 frumento
2349 969 2744 1054 imperando,
2772 988 2797 1029 5

600 1079 1047 1167 Segestanis
1120 1084 1427 1164 praeter
1499 1082 1796 1144 ceteros
1869 1076 2341 1161 imponebat,
2412 1077 2740 1158 aliquanto

599 1187 904 1273 amplius,
942 1209 1135 1271 quam
1163 1189 1328 1253 ferre
1355 1189 1641 1270 possent.
1715 1184 2051 1250 Praeterea
2077 1184 2491 1271 magistratus
2520 1206 2741 1248 eorum

599 1295 936 1377 evocabat,
974 1295 1292 1377 optimum
1323 1313 1643 1376 quemque
1673 1295 1739 1354 et
1763 1289 2239 1355 nobilissimum
2268 1290 2349 1354 ad
2376 1312 2444 1354 se
2472 1311 2742 1356 arcesse·

598 1402 738 1485 bat,
797 1401 1037 1466 circum
1099 1400 1316 1464 omnia
1373 1397 1741 1482 provinciae
1797 1399 1938 1462 fora
1988 1398 2307 1482 rapiebat,
2365 1397 2741 1483 singillatim

596 1507 711 1573 uni
771 1507 1002 1590 cuique
1063 1506 1415 1571 calamitati
1472 1506 1612 1570 fore
1673 1527 1740 1570 se
1801 1504 2248 1587 denuntiabat,
2305 1505 2618 1571 universis
2675 1526 2742 1569 se
2772 1521 2825 1562 ιο

596 1615 887 1681 funditus
954 1637 1325 1683 eversurum
1389 1615 1569 1678 illam
1636 1613 1962 1678 civitatem
2027 1611 2408 1676 minabatur.
2514 1609 2741 1693 Itaque

598 1722 942 1805 aliquando
1005 1723 1225 1786 multis
1287 1722 1472 1785 malis
1533 1741 1901 1805 magnoque
1958 1723 2138 1783 metu
2195 1719 2353 1784 victi
2407 1716 2742 1803 Segestani

595 1830 907 1911 praetoris
945 1826 1216 1908 imperio
1253 1827 1608 1908 parendum
1646 1846 1784 1889 esse
1821 1825 2254 1888 decreverunt.
2317 1825 2554 1909 Magno
2593 1847 2740 1889 eum

593 1933 776 1996 luctu
833 1936 898 1995 et
951 1931 1198 2016 gemitu
1252 1929 1453 1993 totius
1502 1930 1811 2012 civitatis,
1863 1931 2086 1993 multis
2134 1951 2279 1993 cum
2325 1930 2628 1992 lacrumis
2677 1933 2740 1992 et

593 2036 1161 2103 lamentationibus
1234 2035 1520 2100 virorum
1594 2035 2065 2118 mulierumque
2139 2034 2428 2098 omnium
2510 2034 2737 2098 simu·
2768 2052 2818 2091 15

594 2146 885 2209 lacrum
930 2144 1221 2208 Dianae
1267 2143 1699 2207 tollendum
1743 2144 2061 2207 locatur.

775 2252 904 2316 Die
949 2249 1197 2316 Silculer
1240 2250 1496 2315 rahrten
1541 2251 1642 2314 die
1688 2248 1903 2314 Statue
1944 2248 2114 2313 nieht
2164 2269 2275 2328 an,
2326 2249 2568 2329 fremde
2612 2247 2741 2311 Ar-

594 2359 780 2424 beiter
832 2358 1106 2423 nahmen
1161 2358 1252 2424 sie
1307 2377 1445 2422 vom
1499 2355 1870 2440 Fulsyestell
1923 2355 2241 2434 hermetem·
2303 2352 2512 2436 Scipio
2558 2353 2741 2438 Afri-

594 2486 789 2532 canus
829 2466 951 2549 yab
996 2466 1087 2530 sie
1132 2467 1242 2530 der
1284 2464 1471 2530 Stadt
1514 2465 1775 2547 writola,
1833 2463 2048 2528 Verres
2092 2463 2396 2544 entfithrte
2448 2463 2570 2540 sie,·
2624 2463 2739 2527 das

592 2572 763 2638 sollte
807 2575 918 2638 der
961 2577 1143 2637 anter
1177 2575 1298 2637 den
1330 2569 1812 2636 Gesehworenen
1846 2571 2116 2635 sitzende
2149 2568 2230 2633 P.
2256 2567 2469 2651 Scipio
2498 2568 2738 2634 Nasica
2766 2586 2819 2626 πο

521 2752 531 2762 ,
594 2701 702 2743 am
759 2680 1091 2761 weniysten
1149 2678 1404 2762 dulden,
1462 2677 1598 2741 und
1658 2676 1872 2742 duldet
1926 2696 1993 2740 er
2046 2696 2133 2754 eS,
2190 2696 2260 2741 so
2304 2676 2464 2757 darf
2500 2696 2567 2739 er
2608 2675 2740 2739 sich

488 3120 556 3171 82

593 2786 763 2851 nieht
798 2786 1124 2863 wandern,
1162 2805 1341 2849 wenn
1376 2784 1487 2848 der
1502 2782 1670 2848 Adel
1703 2783 1776 2848 in
1798 2782 2035 2865 Verruf
2057 2784 2289 2848 kommt
2320 2784 2454 2847 und
2471 2781 2739 2863 Empor-

594 2891 964 2974 kb'mmlinqe
1019 2891 1151 2957 sich
1210 2892 1319 2955 der
1376 2890 1548 2954 Ehre
1609 2891 1719 2954 der
1771 2891 2020 2972 qrossen
2076 2889 2333 2953 Hc’iuser
2395 2888 2740 2953 annehmen

593 3003 858 3064 massen.

773 3103 1066 3189 Repeto
1131 3105 1262 3169 abs
1327 3108 1429 3188 te,
1474 3103 1737 3187 Verres,
1793 3105 2359 3168 monumentum
2416 3100 2484 3163 P.
2531 3098 2735 3163 Afri·
2764 3118 2816 3159 25

595 3211 790 3295 cani3
852 3234 1109 3276 causam
1157 3209 1550 3293 Siculorum,
1612 3232 1805 3294 quam
1861 3208 2142 3292 suscepi,
2196 3207 2516 3290 relinqu0,
2577 3206 2736 3270 iudi-

595 3319 766 3382 cium
813 3318 891 3382 de
936 3317 1226 3401 pecuniis
1273 3316 1645 3400 repetundis
1689 3339 1774 3381 ne
1812 3317 1897 3381 sit
1931 3316 2058 3380 hoc
2092 3318 2411 3400 tempore,
2448 3312 2738 3399 Segesta-

593 3445 821 3488 norum
863 3423 1134 3488 im‘uriae
1169 3424 1624 3509 neglegantur3
1670 3423 1842 3488 basis
1880 3422 1949 3489 P.
1989 3421 2307 3505 Scipionis
2344 3420 2739 3503 restituatur,

593 3552 833 3595 nomen
868 3530 1093 3596 invicti
1129 3531 1535 3616 imperatoris
1573 3531 1913 3613 incidatur,
1938 3529 2196 3614 signum
2232 3526 2736 3612 pulcherrimum

596 3637 982 3725 Carthagine
1039 3642 1301 3723 captum
1354 3641 1742 3721 reponatur..
1809 3635 1988 3700 Haec
2041 3635 2155 3699 abs
2200 3638 2266 3697 te
2311 3656 2445 3698 non
2491 3631 2735 3698 Siculo·
2762 3651 2817 3691 ³0

592 3768 738 3810 rum
794 3745 1115 3828 defensor,
1172 3766 1306 3809 non
1358 3748 1508 3809 tuus
1557 3747 1917 3825 accusator,
1959 3764 2093 3807 non
2138 3739 2475 3827 Segestani
2518 3742 2736 3824 postu·

592 3853 759 3934 lant,
805 3851 916 3915 sed
960 3852 1043 3935 is,
1099 3852 1211 3935 qui
1254 3852 1511 3916 laudem
1561 3851 1963 3936 gloriamque
1999 3848 2069 3914 P.
2097 3846 2388 3913 Africani
2431 3846 2733 3911 tuendam

595 3958 1223 4042 conservandamque
1268 3958 1568 4042 suscepit.
1660 3956 1828 4022 Non
1872 3977 2167 4038 vereor,
2218 3977 2309 4019 ne
2363 3955 2501 4018 hoc
2557 3951 2734 4016 offi-

595 4067 792 4131 cium
856 4088 1098 4130 meum
1162 4064 1232 4130 P.
1272 4063 1603 4131 Servilio
1678 4063 1919 4128 iudici
1989 4085 2139 4127 non
2211 4061 2551 4146 probem,
2624 4059 2737 4141 qui

595 4195 741 4237 cum
786 4193 887 4238 res
935 4172 1244 4237 maximas
1292 4173 1562 4256 gesserit
1608 4174 2151 4252 monumentaque
2207 4189 2467 4233 suarum
2519 4189 2734 4231 rerum
2764 4186 2815 4226 ⁸5
