3175 4800
542 420 625 483 70
1027 414 1123 469 III.
1163 415 1247 469 De
1285 414 1477 484 signis.
1537 413 1867 483 (Auswahl.)
1925 418 2045 480 150,
2086 418 2204 467 151.

536 580 630 644 ita
690 579 984 662 laudent,
1048 582 1123 643 ut
1186 578 1266 642 ad
1332 600 1432 661 ea,
1494 599 1657 660 quae
1715 576 1929 662 rogati
1988 577 2204 659 erunt,
2263 575 2421 641 mihi
2481 578 2693 660 parati

538 688 668 751 sint
712 687 1113 771 respondere.
1205 684 1304 749 Ac
1349 706 1431 748 ne
1479 683 1694 748 subito
1752 707 1790 747 a
1844 705 1947 747 me
2004 682 2476 767 opprimantur,
2529 682 2693 750 haec

538 815 680 859 sum
739 797 1110 880 rogaturus:
1169 814 1434 856 navem
1493 791 1783 874 populo
1841 789 2178 854 Romano
2244 789 2688 856 debeantne.

536 893 955 966 Fatebuntur.
1027 898 1530 964 Praebuerintne
1573 901 1871 981 praetore
1919 895 1984 959 C.
2017 895 2234 960 Verre.
2317 896 2688 983 Negabunt.

539 1007 1039 1073 Aedificarintne
1084 1028 1313 1071 navem
1362 1005 1718 1070 onerariam
1766 1003 2113 1068 maximam
2159 1003 2446 1087 publice,
2493 1026 2687 1089 quam
2718 1024 2744 1064 5

539 1115 729 1181 Verri
828 1114 1156 1179 dederunt.
1291 1112 1548 1198 Negare
1640 1133 1775 1176 non
1875 1113 2197 1194 poterunt.
2325 1110 2689 1176 Frumen-

539 1226 701 1287 tum
778 1222 866 1287 ab
939 1222 1036 1285 iis
1112 1220 1630 1302 sumpseritne
1707 1216 1771 1281 G.
1810 1217 2107 1300 Verres,
2191 1218 2363 1302 quod
2444 1222 2689 1303 populo

540 1328 833 1393 Romano
907 1327 1222 1410 mitteret,
1296 1326 1488 1390 sicuti
1562 1325 1940 1409 superiores.
2030 1323 2401 1410 Negabunt.
2495 1325 2690 1403 Quid

539 1435 874 1499 militum
921 1439 1033 1499 aut
1068 1438 1412 1498 nautarum
1447 1455 1564 1517 per
1601 1432 1948 1496 triennium
1987 1431 2352 1496 dederint.
2416 1432 2690 1498 Nullum

432 1599 435 1602 Α
541 1542 763 1607 datum
828 1541 1060 1606 dicent.
1150 1540 1376 1605 Fuisse
1440 1539 1870 1603 Messanam
1947 1539 2236 1603 omnium
2309 1539 2496 1605 istius
2560 1541 2690 1604 fur·
2721 1559 2776 1598 ιο

402 1987 501 2037 151

539 1653 754 1714 torum
816 1670 890 1713 ac
949 1647 1400 1732 praedarum
1457 1646 1963 1729 receptricem
2022 1667 2258 1731 negare
2317 1668 2450 1711 non
2512 1651 2693 1731 pote-

538 1760 719 1840 runt3
798 1757 1122 1840 permulta
1202 1754 1426 1819 multis
1490 1753 1765 1817 navibus
1839 1751 2020 1816 illinc
2102 1758 2467 1838 exportata,
2524 1754 2693 1821 hanc

540 1886 769 1928 navem
830 1862 1105 1946 denique
1166 1862 1513 1925 maximam
1573 1883 1611 1923 a
1656 1858 2055 1923 Mamertinis
2117 1860 2331 1925 datam
2393 1866 2691 1928 onustam

543 1992 689 2035 cum
735 1969 861 2033 isto
907 1968 1265 2053 profectam
1312 1966 1706 2031 fatebuntur.
1791 1965 1997 2042 Quam
2047 1966 2130 2031 ob
2176 1990 2313 2032 rem
2359 1968 2481 2033 tibi
2525 1969 2693 2034 habe

543 2099 693 2142 sane
781 2076 973 2141 istam
1053 2075 1493 2140 laudationem
1575 2072 2137 2158 Mamertinorum3
2222 2074 2691 2160 Syracusanam
2721 2092 2773 2133 1⁶

542 2184 801 2268 quidem
860 2177 1212 2267 civitatem,
1271 2185 1346 2246 ut
1406 2182 1519 2245 abs
1580 2185 1647 2246 te
1703 2180 1954 2245 adfecta
2009 2184 2134 2265 est,
2193 2182 2285 2246 ita
2329 2182 2397 2246 in
2443 2186 2508 2247 te
2556 2204 2692 2248 esse

541 2291 888 2355 animatam
935 2290 1255 2371 videmuS,
1301 2289 1472 2373 apud
1520 2310 1683 2371 quos
1732 2289 1925 2352 etiam
1973 2287 2237 2352 Verria
2281 2289 2420 2354 illa
2465 2290 2693 2376 flagi-

541 2399 744 2464 tiosa
827 2397 1081 2462 sublata
1164 2399 1331 2461 sunt.
1436 2395 1698 2460 Etenim
1783 2394 2047 2460 minime
2131 2396 2553 2462 conveniebat
2636 2398 2695 2462 ei

542 2506 807 2571 deorum
870 2505 1147 2570 honores
1213 2503 1463 2587 haberi,
1538 2503 1650 2586 qui
1724 2503 2067 2568 simulacra
2138 2504 2404 2569 deorum
2479 2506 2693 2570 abstu-

540 2613 739 2676 lisset.
837 2611 1056 2677 Etiam
1118 2610 1380 2674 hercule
1444 2610 1607 2673 illud
1670 2610 1740 2672 in
1804 2607 2220 2694 Syracusanis
2294 2612 2525 2676 merito
2597 2635 2692 2677 re-
2719 2628 2774 2667 2⁰

541 2718 1069 2803 prehenderetur,
1125 2717 1206 2800 si,
1263 2739 1409 2782 cum
1471 2717 1640 2781 diem
1705 2717 1944 2780 festum
2008 2718 2310 2782 ludorum
2377 2719 2455 2783 de
2509 2720 2691 2784 fastis

544 2826 675 2890 suis
723 2826 1134 2890 sustulissent
1180 2824 1668 2889 celeberrimum
1715 2827 1780 2888 et
1828 2824 2333 2908 sanctissimum,
2389 2826 2560 2911 quod
2615 2848 2691 2890 eo

543 2933 684 3017 ipso
769 2933 870 2998 die
956 2931 1309 3017 Syracusae
1384 2955 1421 2995 a
1483 2931 1790 2996 Marcello
1866 2934 2090 3014 captae
2163 2953 2301 2996 esse
2375 2928 2694 3017 dicuntur,

543 3041 712 3105 idem
779 3039 948 3105 diem
1011 3040 1250 3106 festum
1298 3039 1517 3104 Verris
1582 3039 1845 3103 nomine
1910 3042 2199 3123 agerent,
2264 3060 2410 3103 cum
2472 3039 2595 3104 iste
2656 3063 2693 3104 a

545 3145 991 3232 Syracusanis,
1057 3169 1219 3231 quae
1283 3147 1393 3210 ille
1459 3145 1870 3210 calamitosus
1938 3145 2070 3209 dies
2134 3146 2506 3229 reliquerat,
2585 3144 2691 3208 ad·
2719 3162 2772 3203 2⁶

545 3254 821 3319 emisset.
912 3251 1009 3318 Ac
1055 3254 1266 3317 videte
1311 3252 1593 3317 hominis
1640 3251 2107 3334 impudentiam
2155 3255 2347 3336 atque
2395 3275 2692 3339 arrogan-

544 3359 730 3442 tiam,
793 3360 1063 3442 iudices,
1138 3361 1263 3444 qui
1335 3380 1469 3423 non
1533 3360 1745 3423 solum
1791 3357 2054 3423 Verria
2116 3359 2274 3423 haec
2339 3360 2555 3444 turpia
2619 3381 2692 3425 ac

545 3467 816 3531 ridicula
860 3488 940 3532 ex
983 3465 1268 3532 Heraclii
1311 3466 1585 3551 pecunia
1643 3466 2173 3549 constituerit,
2219 3488 2442 3529 verum
2500 3467 2691 3530 etiam

545 3574 943 3639 Marcellia
1006 3575 1186 3638 tolli
1245 3574 1674 3656 imperarit,
1728 3576 1802 3637 ut
1850 3572 1908 3636 ei
1957 3594 2134 3637 sacra
2179 3572 2464 3637 facerent
2511 3576 2694 3656 quot-

547 3682 758 3765 annis,
833 3681 1012 3746 cuius
1100 3703 1293 3764 opera
1377 3681 1666 3745 omnium
1752 3701 2067 3744 annorum
2153 3701 2331 3744 sacra
2413 3679 2692 3763 deosque
2722 3697 2775 3737 so

545 3789 789 3872 patrios
839 3789 1210 3871 amiserant,
1266 3789 1401 3852 eius
1459 3790 1674 3851 autem
1721 3787 2004 3851 familiae
2061 3787 2194 3850 dies
2250 3786 2451 3850 festos
2510 3787 2692 3850 tolle·

545 3899 716 3979 rent,
771 3916 887 3977 per
943 3917 1135 3978 quam
1193 3900 1436 3960 ceteros
1495 3915 1752 3979 quoque
1797 3894 1997 3958 festos
2045 3895 2177 3959 dies
2223 3892 2690 3976 recuperarant,

1406 4147 1834 4154 ——.—-——
