3175 4800
428 1504 493 1552 75

426 1592 492 1641 76

425 2358 490 2408 77

538 363 625 428 94
1137 359 1229 413 IV.
1270 360 1353 414 De
1393 359 1703 428 suppliciis.
1763 358 2090 429 (Auswahl.)

537 527 601 588 et
660 522 962 607 repressit
1022 526 1086 587 et
1141 524 1365 587 salutis
1427 544 1578 588 suae
1639 522 1954 587 rationem
2015 522 2300 587 iudicum
2357 524 2682 588 severitati

533 630 897 698 reservavit.
972 630 1184 710 Quid?
1257 629 1515 695 Sciebas
1562 631 1685 695 tibi
1732 630 1983 695 crimini
2022 629 2252 707 datum·
2280 630 2403 694 iri‘?
2476 629 2683 707 Quam

535 738 619 803 ob
672 761 810 803 rem
865 737 1138 821 sciebas,
1195 759 1386 821 quam
1445 739 1527 803 ob
1582 761 1720 802 rem
1777 737 1971 802 etiam
2019 737 2469 821 suspicabare}>
2557 737 2683 802 Ini-

534 846 772 910 micum
835 845 1118 910 habebas
1184 846 1534 929 neminem3
1612 844 1667 908 si
1727 843 1995 909 haberes
2006 894 2025 927 ,
2097 848 2316 909 tamen
2387 867 2520 909 non
2591 845 2683 930 ita
2765 845 2769 850 ’

534 953 812 1036 vixeras,
883 957 957 1017 ut
1031 956 1276 1016 metum
1339 951 1563 1016 iudicii
1628 953 2035 1036 propositum
2099 951 2337 1017 habere
2402 943 2679 1016 deberes.
2713 973 2737 1012 5

533 1058 638 1124 An
683 1061 776 1143 te,
821 1058 888 1123 id
937 1060 1110 1143 quod
1157 1059 1298 1124 fieri
1345 1059 1537 1143 solet,
1585 1059 1979 1124 conscientia
2023 1053 2325 1124 timidum
2374 1058 2684 1143 suspicio-

534 1187 805 1252 sumque
867 1166 1188 1232 faciebat?
1280 1166 1405 1243 Qui
1469 1168 1697 1253 igitur,
1762 1189 1909 1231 cum
1970 1186 2139 1231 esses
2201 1188 2347 1232 cum
2393 1166 2684 1250 imperio,

533 1274 662 1338 iam
709 1279 849 1339 tum
897 1275 1139 1340 crimen
1185 1277 1250 1338 et
1295 1275 1605 1338 iudicium
1651 1273 2002 1357 horrueris,
2067 1296 2215 1338 cum
2261 1276 2361 1338 tot
2406 1273 2682 1337 testibus

535 1401 908 1466 coarguare,
954 1386 1138 1465 potes
1186 1381 1263 1445 de
1312 1381 1724 1446 damnatione
1771 1381 2108 1445 dubitare?

708 1487 835 1552 Die
869 1487 1297 1571 Hinrichtuny
1343 1490 1450 1553 des
1486 1488 2166 1572 Riiuberhauptmanns
2201 1508 2269 1554 so
2306 1488 2488 1571 lanye
2522 1487 2682 1552 nach
2712 1512 2765 1549 ιο

529 1593 935 1678 Beeudiyuny
963 1597 1073 1660 der
1090 1594 1656 1678 Statthalterschaft
1681 1598 1765 1662 ist
1790 1596 2155 1679 unmb'qlich,
2183 1596 2296 1660 ihu
2323 1597 2394 1660 in
2403 1595 2685 1678 privateq-

529 1702 701 1784 Haft
724 1723 804 1767 zu
839 1702 1048 1767 halten
1075 1723 1212 1768 war
1237 1703 1666 1786 unqesetelich,
1705 1705 1822 1769 wie
1847 1724 1913 1767 er
1941 1706 2105 1769 donn
2134 1703 2293 1768 auch
2320 1704 2447 1784 auf
2464 1701 2684 1783 Befehl

532 1810 635 1873 des
664 1809 792 1872 Μ’.
814 1807 1076 1872 Glabrio
1105 1811 1176 1872 in
1204 1810 1592 1889 &ffentlichen
1626 1809 2035 1874 Gewahrsam
2060 1831 2420 1893 yenommen
2453 1811 2681 1873 warda

710 1914 923 1992 Quod
986 1919 1101 1978 est
1159 1915 1479 1980 huiusce
1539 1916 1652 1980 rei
1710 1917 1857 1997 ius,
1918 1938 2109 1998 quae
2176 1910 2680 1995 consuetudo,

531 2019 730 2105 quod
785 2020 1254 2105 exemplum?
1310 2020 1620 2092 ‚Hostem
1677 2023 2056 2086 acerrimum
2105 2026 2298 2106 atque
2345 2021 2679 2085 infestissi-
2710 2043 2760 2081 15

531 2149 708 2192 mum
737 2128 961 2212 populi
983 2127 1261 2192 Romani
1285 2150 1398 2192 seu
1425 2129 1644 2212 potius
1676 2151 2083 2194 communem
2109 2128 2366 2194 hostem
2387 2127 2680 2213 gentium

529 2233 993 2318 nationumque
1051 2235 1341 2299 omnium
1399 2235 1739 2319 quisquam
1789 2236 2079 2300 omnium
2126 2235 2498 2300 mortalium
2554 2234 2682 2317 pri·

529 2344 714 2405 vatus
780 2340 949 2406 intra
1006 2342 1262 2408 moenia
1322 2342 1498 2408 domi
1558 2364 1710 2408 suae
1764 2342 2039 2409 retinere
2096 2342 2378 2427 poterit?
2469 2341 2683 2421 Quid?

532 2447 602 2513 Si
647 2448 879 2532 pridie,
926 2471 1117 2533 quam
1166 2473 1203 2514 a
1251 2473 1352 2514 me
1399 2455 1472 2515 tu
1520 2454 1780 2515 coactus
1829 2440 1895 2516 e's
1936 2451 2231 2516 confiteri
2269 2451 2515 2515 civibus
2555 2449 2682 2515 Ro-

530 2556 735 2619 manis
781 2558 989 2620 securi
1033 2557 1351 2640 percussis
1398 2557 1796 2641 praedonum
1836 2559 2064 2623 ducem
2102 2558 2345 2641 vivere,
2387 2557 2679 2622 habitare
2708 2580 2760 2642 ες)

531 2662 701 2747 apud
774 2667 866 2746 te,
931 2664 1012 2746 si,
1076 2664 1367 2748 inquam,
1430 2664 1637 2748 pridie
1703 2665 1894 2730 domo
1961 2670 2074 2730 tua
2137 2666 2562 2751 profugisset,
2626 2665 2681 2729 si

436 2825 439 2828 ,
530 2770 811 2854 aliquam
871 2792 1132 2835 manum
1194 2775 1418 2836 contra
1476 2795 1614 2836 rem
1676 2772 2001 2855 publicam
2069 2773 2279 2837 facere
2344 2772 2680 2856 potuisset,

425 4173 490 4222 78

533 2878 686 2961 quid
760 2877 1045 2943 diceres?
1154 2876 1371 2962 ‘Apud
1438 2901 1540 2943 me
1603 2878 1950 2963 habitavit,
2015 2901 2268 2944 mecum
2332 2879 2485 2963 fuit3
2558 2900 2677 2964 ego

529 2986 713 3050 illum
762 2985 841 3049 ad
886 2985 1195 3050 iudicium
1243 3007 1487 3069 meum,
1534 3007 1662 3068 quo
1701 2987 1953 3051 facilius
1993 2987 2235 3051 crimen
2270 2987 2679 3051 inimicorum

530 3093 770 3158 diluere
816 3114 1102 3177 possem,
1146 3092 1364 3157 vivum
1414 3095 1608 3175 atque
1644 3093 2035 3158 incolumem
2071 3093 2431 3157 reservavi.'
2495 3091 2677 3157 Itane
2707 3113 2758 3153 25

529 3199 725 3264 vero?
814 3198 913 3263 Tu
960 3204 1071 3264 t'ua·
1116 3200 1401 3283 pericula
1447 3202 1776 3265 communi
1819 3201 2105 3284 periculo
2155 3198 2498 3286 defendes?
2579 3198 2679 3263 Tu

531 3305 875 3387 supplicia,
936 3326 1097 3386 quae
1159 3306 1473 3370 debentur
1528 3301 1826 3372 hostibus
1887 3308 2103 3390 victis,
2158 3308 2238 3372 ad
2288 3311 2503 3390 tuum,
2548 3330 2681 3372 non

531 3410 610 3474 ad
654 3410 747 3475 rei
793 3410 1090 3494 publicae
1135 3414 1390 3496 tempus
1440 3415 1777 3479 conferes}>
1867 3414 2102 3499 Populi
2149 3414 2426 3479 Romani
2469 3414 2676 3478 hostis

531 3518 765 3602 privati
818 3517 1100 3583 hominis
1159 3520 1466 3585 custodiis
1525 3521 2010 3587 adservabitur‘?
2102 3521 2200 3586 At
2260 3518 2486 3585 etiam
2549 3522 2678 3604 qui

530 3625 1012 3710 triumphant
1049 3648 1252 3710 eoque
1292 3628 1530 3692 diutius
1569 3629 1749 3693 vivos
1788 3630 2072 3694 hostium
2113 3629 2303 3694 duces
2332 3634 2679 3711 reservant,
2707 3650 2758 3689 30

529 3734 604 3795 ut
659 3732 759 3801 his
815 3755 931 3816 per
975 3734 1377 3817 triumphum
1425 3735 1634 3799 ductis
1684 3735 2188 3819 pulcherrimum
2237 3739 2677 3821 spectaculum

528 3838 939 3922 fructumque
994 3840 1300 3905 victoriae
1355 3842 1635 3926 populus
1685 3842 2013 3908 Romanus
2067 3844 2395 3928 percipere
2453 3843 2677 3928 possit,

529 3947 772 4028 tamen,
829 3967 991 4011 cum
1050 3948 1134 4012 de
1182 3948 1349 4013 foro
1399 3948 1476 4013 in
1523 3948 1991 4033 Capitolium
2041 3971 2307 4016 currus
2354 3951 2676 4015 flectere

529 4052 944 4137 incipiunt,
1004 4054 1182 4119 illos
1241 4055 1415 4119 duci
1470 4057 1547 4120 in
1610 4079 1990 4123 carcerem
2038 4059 2333 4141 iubent,
2377 4057 2676 4141 idemque

530 4159 662 4223 dies
712 4163 775 4224 et
820 4161 1171 4227 victoribus
1221 4162 1473 4246 imperii
1521 4168 1586 4228 et
1631 4165 1818 4229 victis
1866 4166 2035 4230 vitae
2083 4166 2278 4231 finem
2325 4164 2497 4230 facit.
2589 4165 2677 4230 Et
2705 4185 2756 4225 35
