3175 4800
1378 380 1557 429 140-
1574 380 1693 429 145.
2478 377 2602 442 111

462 539 776 625 Dionysio
824 538 1032 604 factus
1082 536 1441 622 Syracusis,
1503 559 1693 620 quae
1739 537 2160 602 lautumiae
2207 541 2608 620 vocantur,

462 648 532 711 in
589 646 773 712 istius
838 644 1109 729 imperio
1156 645 1663 732 xdomicilium
1739 643 2020 709 civium
2094 640 2606 718 Romanorum

461 754 629 818 fuit.
719 751 813 818 Ut
873 734 1157 837 quisque·
1202 752 1389 817 istius
1451 752 1738 817 animum
1800 756 1918 816 aut.
1964 752 2183 816 oculos
2238 751 2607 834 offenderat,

459 862 528 925 in
585 860 932 925 lautumias
993 859 1214 923 statim
1274 859 1726 924 coniciebatur.
1830 857 2177 944 Indignum
2236 858 2361 923 1100
2420 858 2605 923 video

312 978 320 985 ’
408 989 433 1029 5
460 967 662 1032 videri
722 966 1050 1050 omnibus,
1107 966 1377 1049 iudices,
1437 969 1501 1031 et
1559 966 1627 1029 id
1686 966 1815 1029 iam
1862 966 2073 1050 priore
2121 965 2401 1048 actione,
2460 986 2606 1029 cum

460 1074 619 1139 haec
689 1077 884 1139 testes
959 1073 1268 1156 dicerent,
1342 1073 1647 1137 intellexi.
1758 1072 2046 1137 Retineri
2120 1073 2291 1138 enim
2364 1071 2606 1159 putatis

464 1183 758 1264 oportere
804 1180 945 1244 iura
988 1180 1313 1245 libertatis·
1351 1201 1484 1244 non
1530 1180 1722 1245 modo
1770 1179 1905 1263 hic,
1950 1179 2064 1243 ubi
2109 1179 2355 1244 tribuni
2400 1178 2606 1262 plebis
2659 1238 2675 1254 „

462 1291 631 1371 sunt,
658 1286 771 1351 ubi
808 1288 1001 1353 ceteri
1038 1287 1487 1373 magistratus,
1504 1287 1632 1369 ubi.
1655 1279 1869 1352 forum
1906 1289 2169 1370 plenum
2206 1285 2609 1367 iudiciorum,

459 1395 572 1459 ubi
618 1398 876 1459 senatus
924 1395 1299 1478 auctoritas,
1352 1394 1466 1459 ubi
1496 1379 1903 1459 'existimatio
1949 1393 2176 1478 populi
2221 1392 2500 1458 Romani
2545 1396 2610 1456 et

383 1522 434 1562 10
459 1501 847 1586 frequentia,
894 1502 1032 1584 sed,
1077 1502 1467 1585 ubicumque
1512 1506 1827 1566 terrarum
1866 1506 1931 1566 et
1967 1501 2256 1587 gentium
2295 1501 2607 1565 violatum

459 1608 559 1673 ius
608 1608 845 1673 civium
883 1607 1322 1673 Romanorum
1372 1607 1484 1690 sit,
1531 1608 1813 1672 statuitis
1860 1608 1927 1671 id
1964 1607 2281 1691 pertinere
2321 1607 2400 1670 ad
2439 1628 2609 1686 com-

460 1736 719 1779 munem
787 1736 1042 1779 causam
1106 1715 1423 1780 libertatis
1490 1717 1555 1779 et
1621 1715 1971 1801 dignitatis.
2060 1713 2139 1779 In
2198 1717 2607 1779 externorum

461 1820 798 1885 hominum
874 1823 1312 1887 maleficorum
1387 1823 1998 1906 sceleratorumque,
2071 1822 2139 1886 in
2210 1821 2605 1905 praedonum

460 1926 874 2011 hostiumque
922 1930 1243 1994 custodias
1290 1934 1364 1994 tu
1410 1932 1667 1994 tantum
1712 1952 2052 1994 numerum
2099 1929 2337 1994 civium
2375 1927 2538 1992 Rom
2547 1951 2607 1991 a·

382 2053 433 2095 16
457 2022 688 2101 norum
760 2027 1086 2102 includere
1160 2058 1352 2102 ausus
1428 2036 1538 2101 es?
1629 2036 2086 2119 Numquamne
2167 2036 2289 2099 tibi
2369 2034 2609 2116 iudicii,

458 2163 812 2225 numquam
873 2143 1221 2226 contionis,
1280 2164 1637 2225 numquam
1691 2142 1883 2206 huius
1929 2144 2147 2205 tantae
2191 2141 2609 2224 frequentiae,

462 2269 625 2330 quae
668 2260 843 2312 nunc
887 2252 952 2312 te
999 2249 1212 2313 animo
1259 2249 1665 2333 iniquissimo
1712 2247 2258 2331 infestissimoque
2303 2247 2609 2330 intuetur,

2649 1731 2749 1779 144

460 2353 636 2431 venit
680 2354 751 2420 in
795 2354 1121 2420 mentem?
1174 2355 1551 2441 Numquam
1586 2356 1710 2422 tibi
1747 2354 1973 2440 populi
2011 2353 2289 2421 Romani
2325 2354 2607 2420 absentis
2670 2380 2674 2384 ·

461 2462 765 2548 dignitas,
823 2486 1179 2549 numquam
1240 2464 1482 2548 species
1541 2465 1685 2549 ipsa
1742 2464 2009 2528 huiusce
2060 2463 2493 2527 multitudinis
2540 2464 2608 2526 in

381 2591 434 2632 zo
461 2570 661 2635 oculis
728 2571 1070 2654 animoque
1133 2575 1385 2637 versata
1449 2572 1589 2636 est‘?
1679 2571 2054 2653 Numquam
2118 2573 2183 2634 te
2246 2570 2315 2634 in
2373 2570 2605 2634 horum

460 2683 871 2762 conspectum
909 2679 1295 2762 rediturum,
1330 2680 1688 2764 numquam
1723 2679 1793 2743 in
1828 2678 2041 2743 forum
2076 2677 2302 2761 populi
2330 2675 2606 2742 Romani

458 2788 829 2868 venturum,
872 2807 1226 2868 numquam
1276 2788 1395 2851 sub
1438 2788 1658 2870 legum
1698 2789 1761 2849 et
1797 2785 2180 2848 iudiciorum
2218 2787 2605 2868 potestatem

462 2910 757 2953 casurum
805 2910 942 2953 esse
990 2889 1274 2953 duxisti?

637 2993 728 3059 At
774 3017 963 3078 quae
1010 2998 1171 3059 erat
1218 2995 1370 3060 ista
1414 2995 1661 3060 libido
1712 2995 2204 3060 crudelitatis
2253 3018 2606 3061 exercen-

383 3122 435 3163 85
464 3102 624 3185 dae,
661 3123 850 3185 quae
887 3105 995 3194 tot¹
1025 3104 1398 3167 scelerum
1439 3103 1991 3186 suscipiendorum
2030 3102 2298 3167 causa?
2346 3104 2607 3186 Nulla,

461 3207 729 3291 iudices,
788 3213 1093 3291 praeter
1155 3209 1575 3294 praedandi
1629 3231 1862 3275 novam
1921 3210 2438 3296 singularemque
2492 3234 2605 3275 ra·

462 3315 765 3379 tionem.
856 3314 1026 3380 Nam
1088 3320 1164 3380 ut
1228 3316 1378 3400 illi,
1443 3337 1604 3399 quos
1671 3340 1709 3381 a
1771 3317 1977 3401 poetis
2044 3318 2435 3401 accepimus,
2494 3318 2601 3401 qui

461 3422 638 3487 sinus
701 3423 1012 3505 quosdam
1074 3423 1397 3488 obsedisse
1458 3424 1836 3489 maritumos
1885 3427 1997 3488 aut
2043 3425 2257 3507 aliqua
2302 3447 2603 3507 promun-

459 3530 628 3594 tu'r'ia
675 3534 786 3594 aut
837 3534 1256 3615 praerupta
1302 3552 1481 3595 saxa
1535 3530 1882 3596 tenuisse
1928 3532 2319 3613 dicuntur,
2373 3534 2448 3595 ut
2495 3553 2602 3596 eos

381 3655 434 3695 ao
462 3637 573 3719 (1111
628 3639 841 3701 essent
895 3638 1149 3721 adpulsi
1202 3637 1476 3723 navigiis
1542 3638 1900 3729 interficere
1954 3642 2245 3723 possent,
2302 3638 2408 3703 sic
2456 3638 2604 3703 iste

459 3743 537 3806 in
584 3744 835 3807 omnia
881 3745 1117 3809 maria
1161 3745 1494 3810 infestus
1542 3767 1623 3809 ex
1668 3745 1966 3810 omnibus
2011 3744 2265 3811 Siciliae
2312 3745 2602 3829 partibus

427 3850 899 3915 inminebat.
994 3850 1445 3936 Quaecumque
1491 3852 1672 3917 navis
1721 3876 1800 3917 ex
1836 3851 2020 3937 Asia,
2068 3875 2229 3937 quae
2276 3876 2355 3917 ex
2402 3852 2606 3937 Syria,

461 3977 621 4040 quae
669 3957 868 4042 Tyro,
916 3979 1077 4041 quae
1112 3957 1502 4024 Alexandria
1545 3964 1836 4043 venerat,
1882 3961 2100 4024 statim
2149 3962 2336 4026 certis
2382 3959 2605 4023 indici-

460 4062 579 4127 bus
627 4068 692 4129 et
738 4065 1111 4131 custodibus
1158 4067 1523 4150 tenebatur3
1569 4071 1857 4132 vectores
1897 4089 2116 4131 omnes
2154 4068 2222 4131 in
2257 4065 2602 4130 lautumias

383 4187 435 4228 οε
462 4169 966 4257 coniciebantur,
1027 4195 1219 4239 onera
1266 4179 1457 4259 atque
1504 4196 1745 4240 merces
1792 4175 1862 4238 in
1907 4173 2292 4257 praetoriam
2340 4171 2602 4234 domum

2646 3012 2747 3060 145
