3175 4800
577 377 704 442 112
1126 334 1138 413 Ῐ
1167 373 1260 428 IV.
1295 374 1380 429 De
1418 372 1727 442 suppliciis.
1787 373 2114 444 (Auswahi.)

574 538 1037 603 deferebantur.
1112 535 1507 630 Versabatur
1550 537 1621 601 in
1659 535 1879 601 Sicilia
1922 538 2120 623 longo
2170 537 2509 603 intervallo
2557 541 2721 605 alter

571 668 704 710 non
740 643 1091 728 Dionysius
1139 644 1248 708 1119
1292 665 1412 709 999
1449 643 1739 709 Ρ11919119
1788 641 1970 731 (tulit
2015 645 2187 709 enim
2232 644 2347 709 illa
2394 647 2721 729 quondam

572 753 783 816 insula
826 753 1066 816 multos
1114 754 1179 815 et
1223 751 1495 815 crudelis
1541 748 1901 838 tyrannos),
1950 752 2062 816 sed
2109 752 2432 836 quoddam
2475 775 2719 818 novum

572 862 933 924 monstrum
982 880 1060 923 ex
1105 863 1319 936 vetere
1365 859 1477 922 illa
1521 858 1930 942 inmanitate,
1986 881 2148 944 quae
2194 859 2263 924 in
2308 860 2511 924 isdem
2557 860 2718 925 locis

432 984 533 1033 146
571 970 823 1031 versata
879 987 1018 1031 9999
1079 966 1313 1030 1119111111
1372 962 1533 1064 (1199
1579 966 1751 1030 enim
1800 965 2188 1051 Charybdim
2235 970 2370 1031 tam
2417 966 2718 1032 infestam
2749 989 2776 1030 5

569 1095 778 1157 neque
824 1072 1108 1159 Scyllam
1154 1073 1368 1138 nautis
1427 1093 1620 1156 quam
1650 1073 1874 1172 -istum
1920 1074 1989 1138 in
2035 1074 2260 1138 eodem
2305 1074 2471 1138 freto
2518 1074 2718 1139 fuisse
2809 1087 2820 1094 ’

570 1176 893 1266 arbitror),
930 1181 1056 1245 hoc
1094 1181 1288 1245 etiam
1324 1180 1447 1245 iste
1484 1180 1806 1263 infestior,
1845 1182 2015 1266 quod
2054 1182 2261 1246 multo
2310 1202 2377 1246 se
2422 1181 2717 1265 pluribus

570 1290 636 1352 et
679 1287 1167 1352 immanioribus
1207 1287 1471 1352 canibus
1511 1288 1941 1372 succinxerat,
1988 1287 2262 1372 Cyclops
2301 1289 2465 1353 alter
2509 1289 2714 1353 multo

569 1394 1024 1478 importunior3
1052 1394 1159 1459 hic
1180 1394 1350 1459 enim
1384 1398 1591 1459 totam
1620 1395 1896 1460 insulam
1928 1396 2282 1483 obsidebat,
2309 1395 2419 1460 1119
2438 1393 2714 1460 Aetnam

570 1502 774 1566 solam
821 1505 885 1565 et
932 1524 1071 1566 eam
1120 1500 1375 1567 Siciliae
1420 1506 1673 1586 partem
1718 1503 2001 1580 tenuisse
2048 1503 2297 1568 dicitur.
2389 1500 2480 1566 At
2526 1524 2716 1585 quae
2748 1525 2803 1564 10

570 1618 798 1672 causa
856 1611 997 1673 tum
1058 1608 1628 1674 subiciebatur*
1650 1610 1730 1674 ab
1777 1610 1948 1694 ipso,
1992 1610 2263 1693 iudices,
2306 1609 2534 1673 huius
2580 1612 2715 1673 tam

567 1714 910 1779 nefariae
972 1715 1508 1781 crudelitatis?
1597 1716 1872 1801 Eadem,
1931 1739 2095 1801 quae
2153 1733 2325 1781 11999
2388 1717 2459 1780 19
2504 1715 2718 1781 defen-

569 1822 747 1887 sione
783 1823 1405 1888 commemorabitur.
1463 1823 1866 1908 Quicumque
1896 1826 2293 1890 accesserant
2321 1824 2399 1888 ad
2430 1821 2713 1888 Siciliam

441 1923 445 1928 ’
566 1929 761 2011 paulo
821 1929 1167 2013 pleniores,
1226 1951 1334 1995 eos
1384 1929 1875 1996 Sertorianos
1923 1932 2214 1996 milites
2264 1951 2428 1996 9999
2487 1934 2714 2013 atque

569 2059 606 2099 a
650 2034 929 2101 Dianio
989 2037 1256 2123 fugere
1317 2037 1638 2102 dicebat.
1728 2037 1834 2103 Illi
1891 2038 1969 2102 ad
2028 2037 2497 2122 deprecandum
2552 2037 2714 2122 peri·
2744 2058 2797 2100 ιο

568 2144 784 2208 culum
839 2144 1252 2227 proferebant
1305 2145 1416 2209 alii
1438 2155 1445 2160 '
1470 2150 1828 2229 purpuram
1870 2145 2159 2230 Tyriam,
2212 2149 2318 2210 tus
2366 2146 2477 2210 alii
2523 2149 2713 2228 atque

568 2251 794 2315 odores
854 2255 1227 2335 vestemque
1285 2252 1580 2336 linteam,
1640 2274 1926 2338 gemmas
1997 2253 2108 2317 alii
2181 2256 2246 2318 et
2316 2251 2717 2338 margaritas,

565 2358 714 2423 vina
773 2381 905 2423 non
962 2360 1128 2424 nulli
1189 2357 1428 2425 Graeca
1486 2360 1859 2445 venalisque
1919 2358 2269 2444 Asiaticos,
2333 2362 2406 2424 ut
2468 2359 2715 2425 intelle·

565 2469 823 2551 geretur
886 2489 965 2531 ex
1028 2467 1377 2553 mercibus,
1437 2466 1671 2552 quibus
1729 2489 1809 2532 ex
1861 2468 2020 2532 locis
2075 2469 2472 2554 navigarent.
2562 2466 2714 2532 Non

565 2573 977 2656 providerant
1036 2596 1142 2638 eas
1202 2575 1374 2658 ipsas
1437 2575 1561 2639 sibi
1622 2595 1844 2639 causas
1906 2596 2043 2640 esse
2108 2575 2406 2659 periculi,
2480 2575 2710 2658 quibus
2739 2597 2795 2636 πο

566 2679 959 2764 argumentis
1022 2702 1089 2745 se
1149 2682 1228 2745 ad
1291 2682 1563 2745 salutem
1624 2682 1720 2746 uti
1782 2681 2274 2746 arbitrabantur.
2365 2680 2495 2747 Iste
2542 2682 2712 2746 enim

487 2855 494 2862 ,
564 2785 728 2851 haec·
796 2807 904 2851 eos
979 2809 1059 2851 ex
1110 2788 1463 2872 piratarum
1531 2789 1836 2853 societate
1901 2789 2166 2872 adeptos
2233 2810 2370 2854 esse
2434 2788 2709 2871 dicebat3

426 3016 525 3066 147

564 2893 774 2977 ipsos
822 2893 898 2958 in
943 2896 1362 2960 lautumias
1410 2895 1687 2960 abduci
1733 2895 2189 2979 imperabat,
2247 2896 2429 2961 navis
2491 2918 2712 2961 eorum

564 3003 758 3083 atque
806 3023 1000 3065 onera
1047 3002 1389 3088 diligenter
1434 3003 1829 3067 adservanda
1876 3003 2156 3068 curabat.
2230 3001 2350 3068 His
2395 3003 2709 3067 institutis

565 3128 710 3171 cum
772 3110 1130 3192 completus
1192 3110 1317 3174 iam
1379 3113 1809 3175 mercatorum
1871 3130 2085 3174 carcer
2138 3111 2329 3191 esset,
2391 3111 2534 3171 tum
2597 3107 2708 3171 illa
2737 3128 2790 3170 25

562 3215 832 3297 fiebant,
870 3236 1032 3297 quae
1067 3215 1138 3279 L.
1171 3214 1493 3300 Suetium,
1540 3216 1821 3299 equitem
1860 3216 2252 3299 Romanum,
2286 3214 2710 3280 lectissimum

563 3320 801 3403 virum,
847 3321 1054 3385 dicere
1093 3322 1389 3407 audistis,
1426 3328 1490 3388 et
1527 3345 1692 3407 quae
1730 3327 1974 3389 ceteros
2015 3324 2301 3389 audietis.
2360 3321 2711 3387 Cervices

563 3427 636 3490 in
713 3448 1018 3492 carcere
1091 3429 1657 3516 frangebantur
1716 3431 2158 3516 indignissime
2225 3429 2507 3494 civium
2568 3427 2712 3492 Ro-

563 3556 987 3619 manorum,
1051 3540 1124 3601 ut
1189 3537 1317 3601 iam
1382 3537 1495 3602 illa
1539 3559 1671 3601 vox
1734 3541 1800 3602 et
1856 3537 2233 3622 inploratio:
2281 3534 2520 3600 ‘Civis
2569 3534 2712 3599 Ro-

481 3665 490 3675 ’
562 3664 825 3706 manus
887 3643 1101 3727 sum',
1161 3666 1323 3728 quae
1371 3666 1560 3728 saepe
1607 3644 1830 3709 multis
1876 3645 1946 3709 in
1990 3644 2236 3709 ultimis
2284 3642 2470 3707 terris
2520 3664 2709 3726 opem
2738 3662 2794 3703 so

561 3751 730 3813 inter
792 3750 1097 3815 barbaros
1165 3756 1229 3816 et
1294 3753 1566 3816 salutem
1631 3751 1812 3834 tulit,
1876 3775 1949 3816 ea
2007 3754 2283 3833 mortem
2348 3749 2476 3814 illis
2533 3770 2712 3837 *acer-

561 3856 807 3920 biorem
855 3860 919 3920 et
965 3859 1350 3943 supplicium
1402 3858 1715 3923 maturius
1762 3858 1972 3924 ferret.
2058 3858 2252 3935 Quid.
2274 3860 2399 3940 est,
2435 3854 2712 3921 Verres?

562 3962 729 4040 Quid
767 3962 846 4027 ad
883 3964 1042 4030 haec
1087 3966 1333 4051 cogitas
1378 3965 1808 4051 respondere?
1850 3965 2025 4031 Num
2074 3964 2335 4030 mentiri
2381 3984 2510 4046 199,
2552 3983 2711 4026 91119

560 4071 803 4155 fingere
851 4072 1121 4155 aliquid,
1174 4095 1330 4136 num
1379 4095 1612 4159 augere
1659 4073 1944 4138 crimen?
2032 4071 2211 4137 Num
2269 4070 2424 4155 quid
2478 4069 2711 4133 horum

562 4176 768 4241 dicere
815 4177 954 4243 istis
1003 4179 1443 4245 defensoribus
1489 4181 1620 4245 tuis
1668 4179 1907 4244 audes?
1999 4177 2168 4243 Cedo
2217 4177 2406 4260 mihi,
2453 4197 2712 4261 quaeso,
2740 4195 2792 4237 ⁸5
