3175 4800
1326 349 1330 353 ’
1417 364 1733 414 135—138.
2325 437 2336 444 κ
2561 364 2643 429 6Ἰ

500 522 760 606 publice
814 543 1023 606 neque
1070 522 1379 605 pri-vatim.
1419 523 1838 607 expectabam
1883 537 2092 607 neque
2139 526 2273 587 erat
2320 523 2388 587 in
2433 524 2646 588 animo

501 631 844 713 postulare.

682 734 844 800 Cum
889 734 1050 800 haec
1095 757 1379 822 agerem,
1422 740 1685 820 repente
1731 736 1812 800 ad
1857 758 1961 800 me
1998 737 2176 801 venit
2212 736 2649 821 Heracliae,

498 843 554 906 is
604 844 717 926 qui
762 830 901 907 tum
949 843 1399 929 magistratum
1438 841 1771 927 Syracusis
1817 843 2125 926 habebat,
2159 843 2355 909 homo
2392 845 2649 928 nobilis,

446 979 471 1019 5
502 950 614 1032 qui
660 950 1015 1014 sacerdos
1062 948 1269 1014 Iovis
1315 949 1574 1033 fuisset,
1621 951 1733 1033 qui
1777 949 1985 1014 honos
2034 954 2133 1015 est
2170 951 2340 1034 apud
2378 949 2648 1035 Syracu-

505 1077 695 1121 sanos
745 1056 1197 1141 amplissimus.
1289 1055 1449 1142 Agit
1494 1078 1748 1120 mecum
1795 1059 1859 1120 et
1906 1077 2053 1121 cum
2099 1057 2295 1121 fratre
2341 1080 2514 1141 meo,
2558 1061 2651 1141 ut,

501 1164 559 1227 si
603 1164 791 1228 nobis
828 1164 1179 1247 videretur,
1225 1164 1543 1228 adiremus
1593 1164 1673 1227 ad
1719 1185 1942 1229 eorum
1989 1168 2310 1248 senatum3
2355 1165 2650 1248 frequen-

501 1274 598 1334 tes
664 1291 801 1334 esse
864 1271 934 1335 in
999 1271 1198 1354 curia3
1264 1292 1332 1335 se
1386 1272 1567 1335 iussu
1622 1275 1880 1336 senatus
1937 1295 1975 1335 a
2026 1272 2214 1336 nobis
2269 1275 2514 1355 petere,
2576 1275 2650 1336 ut

500 1378 881 1441 veniremus,
975 1377 1192 1442 Primo
1257 1379 1445 1442 nobis
1508 1377 1636 1441 fuit
1700 1378 1998 1462 dubium,
2070 1378 2225 1461 quid
2289 1400 2649 1464 ageremus,

421 1495 473 1534 1⁰
501 1482 729 1548 deinde
795 1485 922 1548 cito
978 1486 1156 1548 venit
1218 1486 1289 1549 in
1350 1489 1632 1549 mentem
1697 1507 1831 1548 non
1894 1505 2030 1549 esse
2076 1484 2410 1549 vitandum
2464 1487 2649 1549 illum

499 1591 687 1654 nobis
754 1595 1142 1655 conventum
1208 1595 1272 1655 et
1334 1592 1580 1674 locum,
1643 1592 1862 1673 itaque
1917 1593 1988 1655 in
2042 1592 2286 1656 curiam
2338 1593 2648 1656 venimus.

455 1755 461 1763 .
500 1695 874 1761 Honorifice
931 1719 1083 1761 sane
1140 1699 1575 1784 consurgitur3
1630 1720 1748 1762 nos
1804 1701 2037 1783 rogatu
2083 1699 2497 1784 magistratus
2546 1699 2650 1762 ad-

500 1944 684 2011 pretio
714 1961 834 1999 sese
861 1946 1244 2013 redemerunt,
1274 1962 1401 2000 cum
1431 1946 1721 2000 societatis
1740 1945 1954 1998 tabulis
1974 1962 2088 1999 non
2107 1945 2288 1999 solum
2308 1945 2649 2013 consulibus,

498 2049 692 2087 verum
719 2034 893 2087 etiam
921 2034 1207 2089 mensibus
1236 2036 1547 2089 convenire.
1616 2034 1753 2088 Cum
1781 2035 1889 2088 hoc
1917 2035 2161 2087 maxime
2190 2038 2650 2103 cognosceremus

501 2123 559 2175 et
621 2123 683 2175 in
744 2123 1005 2177 manibus
1070 2124 1299 2177 tabulas
1363 2124 1699 2180 haberemus
1713 2167 1726 2190 ,
1801 2125 2033 2192 repente
2091 2121 2394 2191 aspicimus
2450 2122 2651 2176 lituras

502 2212 623 2264 eius
673 2211 830 2264 modi
880 2213 1044 2278 quasi
1095 2212 1376 2280 quaedam
1426 2213 1660 2266 vulnera
1709 2211 2037 2265 tabularum
2091 2211 2357 2265 recentia.
2446 2211 2651 2264 Statim

502 2299 822 2368 suspicione
869 2299 1069 2354 offensi
1116 2301 1190 2353 ad
1235 2317 1303 2355 ea
1359 2302 1484 2371 ipsa
1540 2302 1770 2355 nomina
1822 2300 2013 2355 oculos
2061 2301 2422 2368 animumque
2469 2302 2650 2362 trans-

498 2389 752 2443 tulimus.
807 2390 985 2444 Erant
1023 2391 1292 2460 acceptae
1329 2391 1606 2461 pecuniae
1634 2389 1690 2445 C.
1712 2390 1995 2446 Vaanucm
2026 2389 2084 2445 C.
2115 2410 2182 2458 n,
2222 2390 2303 2444 sic
2329 2392 2547 2457 tamen,
2585 2393 2653 2444 ut

496 2494 678 2549 usque
727 2480 801 2533 ad
840 2479 1082 2534 alterum
1117 2480 1170 2533 R
1204 2480 1432 2535 litterae
1470 2483 1795 2535 constarent
1832 2482 2116 2550 integrae,
2163 2480 2418 2549 reliquae
2457 2497 2649 2534 omnes

498 2572 688 2623 essent
723 2570 785 2622 in
819 2569 1017 2636 litura3
1057 2569 1323 2637 alterum,
1360 2571 1591 2624 tertium
1605 2614 1620 2637 ,
1659 2572 1949 2638 quartum,
1987 2569 2270 2640 permulta
2308 2571 2470 2623 erant
2507 2570 2651 2624 eius-

500 2659 630 2713 dem
665 2659 821 2713 modi
858 2660 1101 2713 nomina.
1169 2658 1306 2713 Cum
1344 2659 1648 2713 manifesta
1685 2677 1773 2715 res
1802 2660 2088 2730 flagitiosa
2122 2659 2298 2713 litura
2325 2659 2651 2733 tabularum

500 2751 673 2816 atque
723 2749 962 2817 insignis
1010 2749 1300 2816 turpitudo
1338 2751 1650 2815 teneretur,
1704 2766 1971 2817 quaerere
2008 2749 2311 2816 incipimus
2350 2748 2419 2801 de
2459 2747 2650 2816 Carpi-

498 2838 685 2902 natio,
716 2838 977 2903 quisnam
997 2838 1044 2889 is
1065 2839 1211 2889 esset
1228 2837 1557 2902 Verrucius,
1589 2838 1817 2904 quicum
1845 2840 2043 2890 tantae
2070 2836 2345 2905 pecuniae
2372 2836 2650 2889 rationem

497 2924 755 2978 haberet.
827 2924 1074 2978 Haerere
1110 2924 1304 2990 homo,
1350 2925 1586 2990 versari,
1634 2924 1850 2978 rubere.
1925 2924 2087 2989 Quod
2132 2924 2258 2993 lege
2296 2924 2652 2991 excipiuntur

499 3013 733 3067 tabulae·
788 3012 1219 3082 publicanorum
1232 3056 1244 3079 ,
1303 3029 1413 3080 quo
1469 3013 1657 3065 minus
1709 3013 1946 3066 Romam
2005 3013 2396 3081 deportentur,
2451 3015 2517 3065 ut
2564 3029 2650 3065 res

499 3119 673 3171 quam
724 3103 968 3157 maxime
1021 3102 1174 3156 clara
1225 3103 1283 3156 et
1318 3103 1531 3156 testata
1584 3118 1703 3155 esse
1752 3105 1945 3171 posset
1959 3146 1973 3168 ,
2025 3102 2087 3155 in
2122 3102 2211 3154 ius
2250 3102 2324 3154 ad
2360 3101 2651 3155 Metellum

504 3190 894 3260 Carpinatium
931 3208 1066 3245 voco
1104 3191 1442 3260 tabulasque
1472 3191 1762 3245 societatis
1789 3192 1851 3244 in
1878 3191 2060 3245 forum
2091 3189 2297 3245 defero.
2353 3190 2447 3244 Fit
2474 3191 2650 3244 maxi-

502 3297 628 3334 mus
675 3296 976 3333 concursus
1022 3281 1307 3334 hominum
1324 3324 1337 3348 ,
1385 3281 1466 3346 et,
1515 3280 1667 3348 quod
1713 3281 1836 3335 erat
1872 3279 2166 3349 Carpinati
2203 3281 2339 3333 nota
2376 3297 2504 3334 eum
2540 3280 2649 3334 isto

501 3370 763 3437 praetore
801 3369 1040 3423 societas
1079 3386 1146 3422 ac
1183 3369 1520 3435 faeneratiO,
1561 3386 1775 3424 summe
1814 3369 2193 3439 expectabant
2230 3386 2447 3436 omnes,
2488 3370 2651 3437 quid-

501 3474 634 3511 nam
680 3459 742 3511 in
793 3457 1005 3511 tabulis
1042 3461 1344 3513 teneretur.
1419 3459 1560 3512 Rem
1600 3459 1674 3511 ad
1710 3458 2003 3513 Metellum
2042 3457 2258 3524 defer0,
2296 3475 2386 3513 me
2421 3458 2650 3512 tabulas

499 3548 852 3616 perspexisse
889 3547 1190 3614 sociorum,
1238 3548 1298 3601 in
1334 3547 1423 3600 his
1460 3547 1674 3601 tabulis
1711 3564 1977 3618 magnam
2014 3549 2292 3601 rationem
2330 3546 2387 3601 C.
2415 3547 2651 3602 Verruci

502 3636 798 3705 permultis
862 3636 1182 3690 nominibus
1238 3653 1384 3704 esse,
1448 3654 1650 3704 meque
1704 3638 1812 3691 hoc
1866 3637 2183 3706 perspicere
2238 3653 2307 3691 ex
2361 3637 2651 3691 consulum

503 3725 891 3793 mensiumque
955 3727 1174 3780 ratione
1187 3769 1200 3792 ,
1274 3727 1424 3780 hunc
1486 3726 1821 3780 Verrucium
1884 3743 2066 3795 neque
2141 3728 2273 3781 ante
2347 3727 2650 3781 adventum

504 3812 561 3868 C.
577 3814 770 3869 Verris
799 3830 980 3882 neque
1008 3816 1138 3884 post
1166 3815 1547 3869 decessionem
1576 3816 1881 3884 quicquam
1910 3833 2038 3869 cum
2058 3815 2386 3884 Carpinatio
2414 3817 2650 3871 rationis

500 3903 794 3970 habuisse3
833 3904 1084 3973 postulo,
1123 3906 1187 3958 ut
1222 3906 1364 3959 mihi
1400 3905 1767 3974 respondeat,
1806 3906 1905 3973 qui
1942 3905 2017 3959 sit
2053 3906 2102 3959 is
2140 3905 2468 3971 Verrucius,
2507 3922 2650 3957 mer-

505 3995 662 4047 cator
699 4010 775 4046 an
811 3994 1134 4063 negotiator
1171 4011 1245 4047 an
1283 3996 1474 4048 arator
1510 4011 1584 4048 an
1621 3996 1938 4064 pecuarius,
1978 3996 2039 4048 in
2077 3994 2274 4048 Sicilia
2312 3996 2386 4047 sit
2424 4010 2498 4046 an
2536 3993 2649 4045 iam

506 4082 823 4138 decesserit.
917 4082 1174 4138 Clamare
1230 4101 1421 4138 omnes
1477 4102 1546 4139 ex
1602 4087 1876 4139 conventu
1931 4085 2213 4139 neminem
2265 4097 2534 4148 umquam
2591 4080 2650 4131 in

505 4169 702 4225 Sicilia
737 4170 911 4227 fuisse
947 4174 1296 4229 Verrucium.
1373 4174 1445 4243 (Π
1485 4176 1805 4243 186—188.)

2151 4278 2221 4329 5*

2691 1395 2792 1445 138
