3175 4800
581 350 667 412 80
1173 345 1266 399 IV.
1305 346 1389 399 De
1428 345 1739 414 suppliciis,
1799 345 2124 414 (Auswahl.)

581 510 760 574 cuius
806 509 913 574 hic
961 510 1121 574 situs
1170 514 1362 592 atque
1407 509 1566 574 haec
1611 514 1842 574 natura
1888 530 2025 573 esse
2069 509 2199 574 loci
2247 510 2531 594 caelique
2575 510 2726 575 dici-

578 621 711 699 tur,
776 622 849 681 ut
906 618 1124 681 nullus
1185 638 1491 699 umquam
1553 616 1687 680 dies
1744 620 1879 680 tam
1935 640 2170 703 magna
2226 638 2300 681 ac
2354 618 2727 682 turbulenta

579 728 961 807 tempestate
1020 724 1215 788 fuerit
1228 774 1246 805 ,
1306 723 1463 807 quin
1523 724 1742 806 aliquo
1804 729 2094 809 tempore
2149 709 2284 789 eius
2342 724 2468 788 diei
2523 725 2726 788 solem

577 830 870 896 homines
927 830 1219 894 viderint.
1311 829 1439 895 Hic
1494 830 1585 894 ita
1630 831 1891 896 vivebat
1944 832 2066 896 iste
2124 833 2331 897 bonus
2378 831 2729 915 imperator

538 937 861 1001 ·hiberm's
923 938 1281 1021 mensibus,
1340 941 1415 1001 ut
1474 961 1623 1002 eum
1683 961 1817 1003 non
1874 939 2063 1004 facile
2118 962 2251 1004 non
2306 938 2499 1003 modo
2548 941 2727 1002 extra
2756 960 2778 999 5

471 1379 538 1428 27

577 1048 849 1128 tectum,
904 1045 1015 1108 sed
1069 1068 1151 1109 ne
1207 1049 1387 1109 extra
1439 1048 1681 1111 lectum
1740 1046 1997 1129 quidem
2056 1048 2397 1130 quisquam
2457 1046 2727 1128 videret3

577 1152 669 1216 ita
729 1152 854 1216 diei
914 1153 1196 1244 brevitas
1267 1154 1607 1237 conviviis,
1675 1154 1884 1218 noctis
1950 1155 2290 1239 longitudo
2357 1154 2597 1237 stupris
2664 1157 2728 1216 et

578 1259 842 1344 flagitiis
891 1260 1358 1328 continebatur.

758 1365 936 1429 Cum
985 1370 1198 1429 autem
1247 1388 1376 1429 ver
1423 1388 1586 1430 esse
1635 1369 1994 1449 coeperat
2040 1363 2251 1452 (cuius
2298 1365 2557 1429 initium
2602 1366 2723 1428 iste

576 1494 708 1536 non
764 1496 802 1536 a
845 1471 1132 1538 Favonio
1190 1495 1397 1556 neque
1454 1474 1533 1538 ab
1582 1473 1799 1556 aliquo
1848 1477 2019 1537 astro
2065 1474 2364 1556 notabat,
2419 1471 2528 1536 sed
2578 1493 2724 1537 cum
2754 1496 2805 1534 10

576 1601 789 1643 rosam
846 1579 1120 1663 viderat,
1172 1584 1314 1644 tum
1368 1574 1650 1663 incipere
1705 1602 1818 1644 ver
1872 1576 2352 1665 arbitrabatur),
2406 1579 2600 1643 dabat
2659 1599 2726 1642 se

577 1687 785 1750 labori
831 1691 1024 1770 atque
1069 1687 1435 1770 itineribus;
1490 1688 1558 1752 in
1609 1687 1843 1771 quibus
1890 1708 1965 1750 eo
2012 1707 2216 1769 usque
2264 1708 2332 1750 se
2378 1685 2728 1770 praebebat

576 1781 927 1876 patientem
996 1797 1188 1876 atque
1253 1794 1632 1879 impigrum,
1696 1799 1771 1859 ut
1827 1815 1973 1858 eum
2037 1816 2228 1857 nemo
2290 1814 2600 1875 umquam
2659 1793 2727 1856 in

577 1922 742 1983 equo
818 1900 1144 1965 sedentem
1213 1901 1462 1966 viderit.
1562 1902 1766 1985 Nam,
1838 1905 1913 1965 ut
1985 1922 2127 1964 mos
2192 1900 2319 1964 fuit
2381 1899 2726 1983 Bithyniae

574 2008 865 2093 regibus,
908 2005 1139 2073 lectica'
1185 2008 1537 2091 octaphoro
1574 2001 1933 2091 ferebatur,
1976 2008 2047 2072 in
2085 2030 2212 2091 qua
2248 2006 2552 2091 pulvinus
2591 2010 2727 2070 erat
2756 2030 2805 2070 ιε

577 2115 943 2198 perlucidus
999 2115 1384 2199 Melitensis,
1446 2135 1595 2180 rosa
1649 2116 1881 2198 fartus3
1945 2115 2083 2198 ipse
2149 2117 2365 2191 autem
2422 2134 2725 2177 coronam

575 2221 855 2287 habebat
915 2245 1109 2286 unam
1174 2223 1259 2308 in,
1303 2223 1540 2307 capite,
1601 2225 1868 2287 alteram
1922 2223 1992 2285 in
2039 2222 2208 2285 collo
2253 2220 2725 2303 reticulumque

577 2329 657 2392 ad
702 2329 874 2393 naris
923 2330 1048 2394 sibi
1085 2330 1469 2395 admovebat
1505 2330 1884 2393 tenuissimo
1923 2329 2086 2412 lino,
2133 2327 2399 2392 minutis
2439 2327 2727 2411 maculis,

574 2437 838 2519 plenum
892 2460 1092 2503 rosae.
1187 2436 1293 2502 Sic
1350 2438 1643 2503 confecto
1699 2436 1927 2501 itinere
1984 2458 2130 2501 cum
2179 2436 2258 2499 ad
2306 2435 2568 2518 aliquod
2615 2457 2725 2518 op·

575 2544 797 2626 pidum
846 2549 1135 2627 venerat,
1182 2546 1400 2609 eadem
1448 2544 1677 2608 lectica
1723 2565 1927 2627 usque
1973 2544 2040 2606 in
2079 2543 2448 2607 cubiculum
2488 2542 2725 2606 defere—
2752 2565 2805 2604 20

443 2653 447 2659 ’
573 2650 780 2714 batur.
885 2650 984 2731 Eo
1046 2651 1390 2715 veniebant
1451 2649 1816 2715 Siculorum
1865 2650 2321 2736 magistratus,
2380 2649 2725 2714 veniebant

575 2756 827 2839 equites
869 2755 1175 2841 Romani,
1219 2757 1288 2827 id
1335 2758 1506 2841 quod
1554 2781 1635 2822 ex
1679 2758 1901 2821 multis
1947 2757 2173 2821 iuratis
2222 2756 2521 2841 audistis;
2577 2778 2723 2821 con-

464 2860 467 2863 ’
572 2864 920 2928 troversiae
968 2868 1211 2930 secreto
1260 2865 1736 2948 deferebantur,
1781 2866 1975 2949 paulo
2022 2867 2174 2946 post
2218 2865 2433 2948 palam
2472 2865 2723 2928 decreta

574 2971 1043 3036 auferebantur.
1136 2971 1411 3055 Deinde,
1464 2972 1578 3036 ubi
1633 2972 1962 3056 paulisper
2013 2971 2083 3035 in
2140 2968 2468 3036 cubiculo*
2493 2972 2722 3054 preti0,

572 3101 706 3142 non
769 3080 1091 3163 aequitate
1154 3080 1296 3144 iura
1360 3080 1794 3163 discripserat,
1859 3078 2097 3143 Veneri
2161 3079 2291 3143 iam
2358 3082 2421 3144 et
2483 3077 2715 3141 Libero
2747 3095 2799 3136 85

493 3190 498 3194 ’
570 3186 893 3268 reliquum
939 3191 1195 3270 tempus
1210 3169 1462 3251 'deberi
1508 3186 1955 3250 arbitrabatur.

467 3304 535 3352 28

467 3518 534 3566 29

748 3291 907 3356 Und
962 3293 1056 3355 bei
1108 3294 1320 3357 semen
1371 3291 1645 3375 Gezayen
1700 3293 2063 3358 entwickelte
2117 3293 2249 3358 sich
2294 3294 2395 3357 ein
2445 3292 2719 3372 Treiben,

573 3397 690 3461 das
735 3398 899 3462 eines
943 3399 1286 3463 romischen
1331 3399 1726 3465 Statthalters
1767 3421 1934 3482 ‚qauz
1977 3401 2316 3482 unwio‘rdiy
2360 3419 2512 3463 war.

752 3503 930 3569 Cum
991 3528 1141 3570 vero
1203 3512 1453 3571 aestas
1515 3529 1804 3571 summa
1865 3528 2028 3571 esse
2089 3507 2479 3589 coeperat,
2546 3505 2718 3586 quod

570 3617 826 3696 tempus
902 3635 1123 3678 omnes
1191 3612 1446 3679 Siciliae
1521 3636 1774 3698 semper
1836 3617 2161 3697 praetores
2236 3612 2306 3676 in
2377 3611 2715 3676 itineribus
2746 3632 2799 3671 30

572 3740 945 3784 consumere
985 3726 1400 3804 consuerunt,
1443 3726 1785 3805 propterea
1822 3720 1996 3804 quod
2032 3724 2172 3783 tum
2211 3723 2445 3804 putant
2483 3720 2719 3784 obeun-

573 3828 718 3891 dam
785 3847 921 3891 esse
985 3829 1262 3892 maxime
1333 3829 1761 3913 provinciam,
1825 3849 1971 3892 cum
2035 3827 2105 3891 in
2170 3827 2333 3892 areis
2396 3827 2719 3911 frumenta

573 3937 748 4017 sunt,
796 3934 967 4017 quod
1015 3938 1080 3999 et
1115 3935 1397 4000 familiae
1436 3938 1911 4021 congregantur
1934 3940 2013 3999 et
2049 3934 2427 4020 magnitudo
2475 3931 2718 3997 servitii

571 4041 956 4125 perspicitur
1027 4046 1091 4106 et
1163 4043 1349 4107 labor
1420 4043 1629 4126 operis
1695 4043 1973 4106 maxime
2046 4041 2341 4124 offendit,
2410 4038 2719 4104 frumenti

573 4149 757 4233 copia
794 4154 1185 4233 commonet,
1229 4154 1486 4235 tempus
1524 4150 1676 4214 anni
1712 4173 1845 4215 non
1880 4150 2176 4234 impedit:
2222 4154 2390 4231 tum,
2434 4148 2717 4231 inquam,
2746 4165 2798 4205 ³5
