3175 4800
573 357 658 420 26
1231 354 1325 408 ΙΠ.
1364 354 1449 408 De
1487 354 1680 423 signis.
1746 354 2071 424 (Auswahl.)

572 516 971 581 aedificatam
1020 538 1156 581 esse
1201 516 1575 582 Messanae?
1654 517 1941 604 Negent,
1987 520 2041 582 si
2087 525 2377 603 possunt.
2458 520 2717 607 Negent

574 624 632 687 ei
721 624 872 687 navi
962 628 1321 688 senatorem
1412 624 1869 689 Mamertinum
1960 626 2217 710 publice
2321 628 2718 710 praefuisse?

571 729 839 795 Utinam
899 732 1164 815 negent!
1232 726 1398 794 Sunt
1458 731 1652 795 etiam
1713 736 1949 816 cetera;
2015 754 2177 816 quae
2241 735 2411 798 malo
2467 735 2718 820 integra

571 859 923 920 reservare,
998 842 1073 902 ut
1151 859 1343 921 quam
1417 837 1758 902 minimum
1833 839 1978 903 dem
2052 840 2178 904 illis
2253 842 2562 924 temporis
2636 841 2715 905 ad

483 961 553 1009 20
572 944 1011 1008 meditandum
1060 944 1698 1027 confirmandumque
1743 946 2113 1029 periurium.
2202 946 2381 1012 Haec
2417 947 2539 1013 tibi
2582 949 2715 1012 lau·
2746 970 2769 1009 5

573 1051 746 1116 datio
802 1052 1106 1135 procedat
1161 1052 1231 1116 in
1291 1053 1660 1116 numerum!
1732 1051 1823 1115 Hi
1876 1057 1941 1117 te
1994 1053 2287 1119 homines
2337 1055 2716 1120 auctoritate

573 1179 689 1222 sua
734 1159 1099 1224 sublevent!
1160 1157 1285 1236 Qui
1331 1163 1397 1223 te
1441 1179 1652 1241 neque
1699 1158 1935 1224 debent
1981 1160 2309 1244 adiuvare,
2355 1162 2410 1226 si
2446 1162 2719 1245 possint,

571 1287 779 1349 neque
816 1270 1118 1349 possunt,
1156 1265 1210 1329 si
1246 1265 1476 1348 velint3
1524 1265 1802 1348 quibus
1849 1270 1932 1330 tu
1977 1268 2342 1350 privatim
2390 1269 2715 1333 iniurias

571 1372 879 1456 plurimas
956 1372 1503 1456 contumeliasque
1576 1372 2053 1457 im'posuisti,
2136 1397 2261 1459 quo
2337 1376 2407 1439 in
2479 1375 2715 1460 oppido

572 1479 808 1542 multas
867 1479 1144 1543 familias
1204 1482 1373 1543 totas
1435 1479 1503 1543 in
1561 1484 1946 1563 perpetuum
1992 1482 2250 1546 infamis
2297 1484 2427 1547 tuis
2476 1483 2713 1568 stupris
2744 1505 2797 1543 ιο

571 1586 963 1671 flagitiisque
999 1585 1227 1650 fecisti.
1289 1584 1389 1655 At
1433 1587 1745 1670 publice
1794 1590 2315 1654 commodasti.
2389 1590 2543 1655 Non
2581 1591 2716 1654 sine

572 1715 808 1778 magno
858 1694 1117 1775 quidem
1162 1694 1256 1757 rei
1315 1693 1613 1778 publicae
1668 1696 2165 1781 provinciaeque
2213 1696 2467 1761 Siciliae
2529 1697 2717 1761 detri-

573 1803 808 1863 ment0.
901 1799 1127 1864 Tritici
1185 1801 1472 1865 modium
1533 1814 1613 1866 131
1676 1807 1892 1887 empta
1936 1806 2179 1888 populo
2228 1804 2522 1869 Romano
2570 1804 2718 1869 dare

572 1906 892 1970 debebant
957 1911 1022 1971 et
1080 1908 1399 1991 solebant3
1472 1909 1585 1973 abs
1646 1912 1710 1972 te
1773 1910 1911 1973 solo
1970 1912 2310 1975 remissum
2385 1917 2497 1975 est.
2591 1912 2716 1975 Res

570 2013 832 2096 publica
895 2013 1351 2078 detrimentum
1409 2015 1593 2098 fecit,
1653 2015 1825 2098 quod
1884 2039 2000 2100 per
2057 2021 2121 2081 te
2181 2018 2435 2100 imperii
2493 2018 2593 2081 ius
2649 2018 2718 2080 in
2747 2038 2797 2077 15

570 2143 700 2183 una
747 2120 1005 2186 civitate
1050 2122 1465 2191 imminutum
1513 2125 1638 2205 est;
1685 2120 1914 2206 Siculi,
1975 2122 2147 2206 quod
2201 2123 2415 2205 ipsum
2460 2146 2595 2187 non
2640 2123 2717 2187 de

572 2249 823 2292 summa
879 2229 1188 2293 frumenti
1247 2231 1604 2294 detractum
1665 2233 1789 2311 est,
1850 2230 1959 2293 sed
2018 2230 2402 2294 translatum
2448 2230 2517 2293 in
2563 2229 2717 2295 Gen-

570 2335 888 2419 turipinos
949 2340 1013 2401 et
1072 2336 1481 2419 Halaesinos,
1539 2336 1845 2399 immunis
1904 2336 2180 2420 populos
2191 2385 2209 2419 ,
2268 2341 2334 2402 et
2390 2337 2516 2401 hoc
2568 2339 2715 2421 plus

480 2462 549 2509 21
571 2442 977 2527 impositum,
1044 2466 1235 2526 quam
1301 2444 1463 2507 ferre
1518 2447 1801 2524 possent.
1891 2442 2180 2507 Navem
2252 2444 2565 2528 imperare
2639 2466 2718 2507 ex

570 2550 825 2615 foedere
915 2551 1218 2633 debuisti3
1299 2549 1674 2613 remisisti
1764 2549 1834 2612 in
1923 2550 2298 2633 triennium3
2390 2550 2714 2614 militem
2744 2571 2796 2610 20

569 2659 868 2722 nullum
928 2679 1236 2740 umquam
1298 2655 1732 2739 poposcisti
1791 2677 1907 2739 per
1965 2659 2065 2720 tot
2116 2679 2336 2722 annos.
2426 2657 2715 2722 Fecisti

571 2768 782 2848 item,
828 2771 911 2829 ut
955 2762 1378 2847 praedones
1428 2761 1707 2845 solent3
1756 2763 1869 2846 qui
1912 2784 2057 2827 cum
2094 2764 2314 2829 hostes
2345 2785 2715 2829 communes

571 2874 701 2938 sint
784 2871 1099 2950 omnium,
1179 2871 1397 2931 tamen
1478 2868 1728 2952 aliquos
1814 2870 1937 2933 sibi
2019 2870 2368 2935 instituunt
2459 2871 2718 2954 amicos,

568 2980 802 3064 quibus
866 2998 999 3039 non
1076 2973 1267 3039 modo
1343 2980 1638 3059 parcant,
1709 2999 1932 3041 verum
2007 2977 2201 3042 etiam
2259 2979 2495 3061 praeda
2556 3001 2714 3061 quos

570 3087 864 3171 augeant,
923 3086 987 3145 et
1033 3104 1139 3147 eos
1186 3083 1492 3165 maxime,
1547 3083 1659 3166 qui
1703 3084 1944 3148 habent
1991 3084 2301 3167 oppidum
2350 3089 2714 3168 opportuno
2745 3107 2795 3146 25

568 3197 742 3272 1000,
798 3211 924 3272 quo
988 3212 1176 3273 saepe
1237 3189 1602 3254 adeundum
1663 3191 1747 3253 sit
1804 3191 2108 3273 navibus,
2166 3213 2299 3255 non
2362 3213 2715 3275 numquam

571 3298 765 3364 etiam
812 3298 1188 3361 necessario

747 3403 1098 3469 Phaselis
1172 3405 1338 3486 illa,
1412 3425 1632 3485 quam
1707 3404 1909 3487 cepit
1981 3403 2050 3468 P.
2090 3403 2496 3488 Servilius,
2585 3427 2716 3469 non

568 3513 778 3576 fuerat
823 3512 976 3575 urbs
1026 3516 1214 3576 antea
1262 3510 1533 3576 Cilicum
1580 3514 1774 3594 atque
1820 3510 2246 3596 praedonum3
2290 3512 2473 3597 Lycii
2519 3513 2718 3595 illam,

571 3618 795 3684 Graeci
852 3620 1177 3703 homines,
1236 3619 1623 3683 incolebant.
1716 3616 1842 3682 Sed
1904 3618 2076 3700 quod
2138 3622 2274 3683 erat
2338 3620 2472 3684 eius
2539 3620 2714 3684 modi
2744 3642 2796 3680 30

565 3727 711 3790 loco
760 3730 952 3810 atque
998 3728 1091 3791 ita
1135 3727 1421 3810 proiecta
1466 3726 1535 3789 in
1580 3726 1813 3808 altum,
1856 3728 1932 3788 ut
1978 3729 2043 3789 et
2079 3731 2382 3792 exeuntes
2422 3750 2455 3792 e
2495 3727 2717 3792 Cicilia

568 3834 920 3916 praedones
978 3855 1167 3917 saepe
1225 3833 1304 3897 ad
1361 3856 1501 3897 eam
1557 3831 1915 3897 necessario
1973 3831 2371 3918 devenirent,
2417 3840 2509 3919 et,
2568 3857 2714 3900 cum

570 3963 637 4006 se
701 3964 781 4005 ex
842 3940 1019 4005 hisce
1082 3940 1242 4005 locis
1308 3940 1695 4025 reciperent,
1758 3938 1982 4003 eodem
2039 3940 2463 4026 deferrentur,
2517 3942 2717 4007 adsci-

568 4051 800 4112 verunt
873 4046 997 4112 sibi
1069 4047 1230 4111 illud
1311 4047 1622 4131 oppidum
1696 4045 1940 4128 piratae
2020 4048 2230 4130 primo
2313 4050 2717 4114 commercio,

482 4170 549 4219 22
573 4154 799 4219 deinde
874 4154 1067 4219 etiam
1132 4154 1454 4219 societate.
1545 4153 1997 4217 Mamertina
2070 4154 2345 4220 civitas
2418 4157 2712 4240 improba
2740 4176 2792 4216 85
