3175 4800
430 953 498 1002 60

426 2344 491 2393 61

424 3411 491 3461 62

542 351 631 416 40
1198 347 1291 401 111.
1331 348 1415 402 De
1453 349 1647 418 signis.
1705 348 2030 419 (Auswahl.)

537 511 709 575 enim
769 533 904 576 non
965 511 1126 576 libet
1190 510 1408 575 omnia
1471 511 1824 596 criminari3
1889 510 2073 596 quasi
2126 534 2277 577 vero
2337 514 2464 580 hoc
2527 515 2689 579 mihi

535 639 669 681 non
734 618 888 683 satis
951 618 1036 683 sit
1095 618 1174 682 ad
1236 618 1506 702 crimen,
1562 618 1867 684 habuisse
1930 622 2065 683 tam
2132 621 2442 705 multum,
2515 623 2688 706 quod

537 724 744 808 daret,
787 724 1089 791 voluisse.
1128 725 1465 809 deportare
1511 730 1646 790 tam
1693 726 1927 809 multa,
1983 725 2110 791 hoc
2156 726 2458 813 denique,
2514 731 2685 813 quod

537 831 857 914 concedit,
915 832 1270 896 amicorum
1330 833 1541 917 operis
1604 854 1741 898 esse
1799 833 1870 897 in
1928 832 2196 899 huiusce
2254 835 2431 899 modi
2492 836 2683 900 rebus

535 960 743 1002 usum.
816 936 955 1002 Iam
1000 960 1151 1004 vero
1197 940 1401 1004 lectos
1449 944 1698 1004 aeratos
1747 945 1813 1005 et
1859 940 2240 1005 candelabra
2286 947 2483 1007 aenea
2525 966 2684 1007 num
2713 964 2738 1005 5

535 1045 649 1127 cui·
685 1048 938 1129 praeter
981 1045 1180 1110 istum
1220 1044 1555 1130 Syracusis
1599 1067 1715 1128 per
1758 1046 2108 1112 triennium
2154 1048 2328 1114 facta
2372 1070 2511 1115 esse
2557 1050 2683 1114 exi-

535 1151 855 1217 stimatis?
882 1189 971 1200 —
999 1151 1292 1218 Emebat.
1335 1190 1416 1199 -
1464 1150 1696 1237 Ored03
1743 1154 1853 1218 sed
1900 1157 2154 1219 tantum
2201 1178 2315 1220 vos
2364 1156 2686 1241 certiores,

531 1259 802 1342 iudices,
860 1259 1056 1343 facio,
1117 1260 1269 1343 quid
1330 1260 1452 1324 iste
1512 1260 1582 1324 in
1635 1260 1967 1343 provincia
2012 1265 2271 1344 praetor
2315 1264 2543 1349 egerit,
2602 1286 2683 1328 ne

534 1366 638 1431 cui
673 1366 841 1431 forte
876 1368 1223 1452 neglegens
1260 1366 1534 1430 nimium
1571 1366 1772 1436 fuisse
1808 1367 2348 1453 videatur‘neque
2394 1392 2463 1435 se
2510 1371 2684 1454 satis,

533 1494 681 1537 eum
727 1476 1114 1557 potestatem
1160 1473 1488 1557 habuerit,
1533 1473 1913 1539 instruxisse
1961 1478 2025 1539 et
2072 1497 2348 1541 ornasse.
2713 1500 2766 1540 10

711 1577 949 1644 Venio
996 1601 1196 1645 nunc
1240 1602 1375 1645 non
1418 1581 1549 1645 iam
1598 1582 1679 1645 ad
1724 1581 2000 1667 furtum,
2043 1605 2178 1649 non
2212 1585 2294 1648 ad
2331 1586 2685 1669 avaritiam,

532 1708 667 1751 non
703 1687 783 1751 ad
821 1686 1269 1772 cupiditatem,
1306 1689 1416 1753 sed
1456 1689 1545 1752 ad
1583 1689 1746 1754 eius
1786 1690 1991 1754 modi
2035 1691 2369 1777 facinus,
2413 1693 2490 1757 in
2537 1715 2681 1777 quo

534 1793 785 1857 omnia
842 1794 1141 1859 nefaria
1201 1795 1589 1860 contineri
1651 1795 1842 1860 mihi
1897 1801 2126 1880 atque
2181 1800 2432 1864 inesse
2476 1800 2682 1864 vide-

533 1903 788 1983 antur,
849 1900 918 1964 in
983 1923 1111 1985 quo
1174 1901 1239 1966 di
1298 1901 1694 1965 immortales
1739 1901 1995 1986 violati,
2051 1904 2440 1968 existimatio
2488 1906 2680 1984 atque

532 2007 880 2072 auctoritas
938 2009 1219 2073 nominis
1284 2009 1512 2093 populi
1557 2007 1835 2072 Romani
1894 2008 2262 2090 imminuta,
2322 2006 2679 2091 hospitium
2708 2025 2759 2068 16

533 2113 882 2198 spoliatum
943 2137 1017 2180 ac
1076 2115 1435 2200 proditum,
1493 2114 1840 2179 abalienati
1895 2115 2131 2178 scelere
2175 2112 2362 2177 istius
2409 2136 2448 2177 a
2490 2113 2678 2178 nobis

533 2242 753 2286 omnes
790 2244 973 2308 reges
1012 2223 1384 2288 amicissimi
1419 2223 1870 2307 nationesque,
1907 2242 2069 2305 quae
2104 2219 2175 2283 in
2211 2241 2433 2284 eorum
2478 2241 2679 2306 regno

532 2349 604 2392 ac
671 2328 921 2394 dicione
987 2331 1154 2394 sunt.
1244 2328 1416 2394 Nam
1488 2350 1707 2416 reges
1774 2325 2067 2412 Syriae,
2136 2326 2306 2414 regis
2371 2326 2681 2393 Antiochi

531 2435 700 2500 filios
739 2459 1000 2521 puer-OS,
1038 2436 1258 2502 scitis
1297 2434 1578 2500 Romae
1624 2457 1866 2519 nuper
1909 2434 2180 2519 fuisse3
2227 2433 2338 2519 qui
2369 2440 2679 2501 venerant

529 2565 665 2607 non
726 2548 992 2627 propter
1055 2541 1277 2626 Syriae
1336 2544 1642 2628 regnum'
1676 2540 1855 2627 (nam
1919 2541 1986 2605 id
2049 2541 2186 2606 sine
2247 2543 2681 2608 controversia
2707 2563 2760 2602 πο

533 2648 939 2733 obtinebant,
997 2652 1071 2713 ut
1130 2672 1168 2712 a
1225 2652 1407 2733 patre
1469 2652 1533 2714 et
1588 2672 1628 2713 a
1672 2649 2023 2713 maioribus
2080 2645 2512 2735 acceperant);
2567 2649 2678 2713 sed

529 2777 802 2840 regnum
865 2753 1152 2840 Aegypti
1216 2755 1297 2818 ad
1362 2777 1430 2820 se
1495 2760 1561 2820 et
1624 2756 1703 2820 ad
1770 2754 2070 2839 Selenen,
2142 2758 2413 2836 matrem
2451 2759 2680 2839 suam,

531 2861 850 2946 pertinere
906 2861 1400 2927 arbitrabantur.
1490 2862 1575 2927 Ei
1638 2865 2059 2949 posteaquam
2123 2862 2522 2946 temporibus
2586 2862 2678 2927 rei

530 2967 826 3052 publicae
883 2968 1127 3032 exclusi
1181 2990 1297 3054 per
1351 2974 1646 3035 senatum
1703 2992 1891 3057 agere
1948 2991 2111 3053 quae
2155 2970 2494 3034 voluerant
2546 2991 2680 3033 non

530 3078 909 3159 potuerunt,
968 3074 1046 3139 in
1093 3073 1389 3161 Syriam
1448 3078 1527 3142 in
1583 3099 1902 3162 regnum
1961 3076 2297 3160 patrium
2345 3076 2678 3159 profecti
2706 3095 2756 3136 τε

533 3184 725 3246 sunt.
789 3180 1035 3247 Eorum
1065 3181 1245 3268 alter,
1282 3185 1395 3268 qui
1425 3182 1860 3248 Antiochus
1898 3185 2184 3265 vocatur,
2212 3182 2362 3246 iter
2396 3205 2529 3266 per
2566 3181 2678 3246 Si-

533 3286 789 3351 ciliam
826 3288 1079 3355 facere
1107 3291 1362 3355 voluit
1397 3291 1618 3373 itaque
1645 3291 2094 3374 istopraetore
2112 3289 2291 3354 venit
2311 3287 2675 3373 Syracusas.

530 3394 673 3459 Hic
712 3392 990 3461 ‘Verres
1062 3397 1576 3461 hereditatem
1652 3396 1802 3460 sibi
1872 3396 2175 3461 venisse
2248 3396 2673 3461 arbitratus

535 3501 699 3586 e'st,·
725 3503 897 3585 quod
934 3503 1004 3567 in
1040 3504 1176 3568 eius
1213 3526 1485 3589 regnum
1523 3503 1598 3568 ac
1635 3525 1861 3567 manus
1898 3508 2162 3569 venerat
2196 3503 2279 3587 is,
2327 3525 2516 3587 quem
2553 3501 2675 3568 iste

534 3613 599 3673 et
645 3610 933 3674 audierat
980 3613 1185 3675 multa
1223 3631 1440 3676 secum
1475 3611 1805 3693 praeclara
1838 3610 2075 3675 habere
2112 3615 2177 3675 et
2213 3611 2675 3695 suspicabatur.
2704 3630 2757 3669 ω

531 3714 737 3780 Mittit
780 3716 1031 3781 homini
1075 3740 1342 3782 munera
1387 3717 1541 3781 satis
1586 3718 1765 3801 large
1809 3716 1969 3782 haec
2016 3717 2095 3781 ad
2140 3739 2330 3782 usum
2377 3717 2677 3782 domesti-

533 3844 709 3886 cum:
769 3823 923 3906 olei,
966 3824 1097 3887 vini
1157 3824 1330 3908 quod
1376 3824 1585 3888 visum
1645 3828 1770 3908 est,
1814 3824 2010 3889 etiam
2055 3824 2254 3889 tritici
2302 3824 2474 3907 quod
2520 3823 2674 3888 satis

533 3932 728 4012 esset,
764 3929 842 3993 de
880 3930 1011 3995 suis
1050 3931 1351 3996 decumis.
1406 3930 1655 3995 Deinde
1692 3930 1940 4015 ipsum
1985 3952 2234 4018 regem
2283 3931 2372 3994 ad
2418 3951 2674 3995 cenam

532 4037 857 4101 vocavit.
925 4036 1213 4102 Exornat
1251 4039 1463 4122 ample
1500 4037 1968 4122 magnificeque
2004 4037 2384 4121 triclinium3
2412 4037 2677 4122 exponit

533 4167 635 4227 ea,
716 4143 950 4229 quibus
1033 4145 1428 4229 abundabat,
1509 4144 1788 4230 plurima
1868 4148 1934 4208 et
2013 4144 2446 4229 pulcherrima
2524 4168 2679 4211 vasa
2706 4164 2757 4206 35
