3175 4800
1430 372 1497 420 89
1513 399 1578 407 -
1596 372 1678 421 95.
2307 448 2312 453 .
2541 371 2625 436 99

480 532 651 596 claro
701 531 994 595 convivio
1039 531 1426 597 reduxerant
1471 532 1667 614 paulo
1716 534 1864 594 ante
1911 531 2208 596 mulieres
2249 553 2395 595 cum
2435 531 2627 596 cantu

480 642 672 722 atque
746 637 1146 723 symphonia.
1260 635 1711 702 Cleomenes
1722 688 1741 721 ,
1815 660 2207 722 quamquam
2271 660 2404 703 nox
2475 641 2628 721 erat,

479 749 697 808 tamen
754 744 832 809 in
891 744 1205 828 publico
1266 766 1432 809 esse
1488 768 1641 810 non
1686 746 1942 829 audet3
1989 746 2261 810 includit
2307 767 2373 810 se
2422 745 2627 828 domi3

476 873 687 935 neque
753 852 972 916 aderat
1036 873 1227 935 uxor,
1294 874 1456 934 quae
1522 853 1842 917 consolari
1912 852 2244 917 hominem
2307 852 2377 914 in
2441 851 2626 916 malis

426 980 449 1020 5
477 963 713 1041 posset.
796 958 1007 1024 Huius
1056 965 1272 1024 autem
1317 959 1629 1043 praeclari
1666 959 2069 1043 imperatoris
2107 957 2200 1024 ita
2237 962 2371 1023 erat
2409 961 2629 1023 severa
2665 977 2732 1025 93

480 1064 657 1129 domi
716 1065 1080 1150 disciplina,
1139 1071 1213 1131 ut
1272 1067 1341 1130 in
1397 1089 1466 1130 re
1511 1068 1698 1147 tanta¹
1754 1071 1818 1131 et
1877 1071 2028 1131 tam
2085 1059 2301 1152 gravi
2353 1066 2625 1130 nuntio

477 1193 694 1236 nemo
754 1173 1327 1256 admitteretur,
1380 1196 1570 1239 nemo
1622 1178 1816 1257 esset,
1864 1173 1975 1256 qui
2020 1174 2283 1238 auderet
2329 1175 2440 1237 aut
2487 1172 2627 1236 dor-

479 1278 786 1343 mientem
825 1281 1101 1346 excitare
1140 1285 1250 1345 aut
1287 1281 1696 1365 interpellare
1734 1281 2128 1366 vigilantem.
2193 1279 2332 1344 Iam
2369 1301 2519 1344 vero
2557 1302 2626 1343 re

477 1386 558 1450 ab
617 1387 915 1453 omnibus
974 1389 1255 1474 cognita,
1281 1389 1705 1453 concursabat
1750 1389 1909 1453 urbe
1954 1391 2094 1453 tota
2140 1388 2419 1452 maxima
2465 1387 2626 1450 mul-

399 1514 450 1554 10
475 1493 705 1558 titudo.
795 1494 951 1559 Non
1009 1497 1208 1578 enim,
1268 1496 1435 1560 sicut
1490 1500 1626 1559 erat
1680 1497 1868 1559 antea
1915 1516 2166 1578 semper
2211 1493 2626 1575 consuetude,

477 1601 874 1683 praedonum
921 1603 1266 1667 adventum
1315 1601 1720 1687 significabat
1757 1602 1925 1686 ignis
1966 1624 1999 1665 e
2037 1602 2296 1685 specula
2332 1600 2622 1664 sublatus

478 1711 591 1770 aut
636 1710 917 1793 1111111110,
964 1710 1076 1774 sed
1113 1710 1373 1773 flamma
1419 1731 1499 1773 ex
1544 1709 1687 1792 ipso
1725 1709 2022 1774 incendio
2058 1708 2323 1772 navium
2362 1709 2425 1794 et
2464 1707 2632 1786 (3313-ψ

478 1813 770 1879 mitatem
816 1819 1144 1900 acceptam
1184 1820 1247 1881 et
1283 1815 1643 1900 periculum
1679 1817 2000 1900 reliquum
2038 1814 2395 1880 nuntiabat.
2463 1812 2625 1876 Cum

476 1925 734 2004 praetor
798 1927 1208 2006 quaereretur
1271 1927 1335 1987 et
1391 1927 1715 1988 constaret
1776 1924 2099 1988 neminem
2162 1922 2242 1987 ei·
2277 1920 2626 2004 nuntiasse,

350 2018 357 2022 ’
397 2047 448 2087 15
478 2028 553 2092 fit
599 2030 681 2092 ad
729 2031 988 2095 domum
1028 2031 1163 2095 eius
1204 2052 1350 2095 cum
1391 2031 1670 2095 clamore
1710 2051 2056 2094 concursus
2097 2033 2289 2111 atque
2327 2028 2622 2110 impetus,

476 2134 660 2199 'I'um
720 2137 868 2202 iste
929 2138 1241 2201 excitatus
1304 2137 1483 2199 audit
1541 2158 1679 2200 rem
1742 2157 1997 2199 omnem
2059 2157 2139 2198 ex
2201 2133 2624 2215 Timarchide,
2662 2152 2731 2200 94

477 2262 738 2326 sagum
805 2242 1036 2307 sumit
1092 2240 1377 2329 (lucebat
1432 2242 1561 2306 iam
1609 2239 1799 2325 fere),
1861 2241 2151 2325 procedit
2205 2241 2275 2304 in
2323 2240 2626 2323 medium,

476 2347 610 2413 vini
679 2350 890 2414 somni
959 2349 1168 2433 stupri
1228 2351 1473 2433 plenus.
1583 2349 1927 2434 Excipitur
1986 2350 2065 2414 ab
2128 2348 2426 2414 omnibus
2488 2348 2623 2411 eius

475 2455 651 2520 modi
699 2458 1008 2541 clamore,
1067 2461 1141 2521 ut
1198 2456 1257 2521 ei
1301 2456 1724 2542 Lampsaceni
1769 2457 2039 2541 periculi
2086 2455 2441 2521 similitudo
2489 2477 2625 2518 ver-

379 2581 446 2641 ,20
475 2566 723 2627 saretur
759 2567 906 2628 ante
946 2565 1195 2648 oculos3
1239 2564 1366 2630 hoc
1405 2564 1600 2630 etiam
1638 2565 1842 2629 maius
1882 2565 2007 2629 hoc
2045 2563 2412 2646 videbatur,
2451 2561 2624 2644 quod

473 2668 541 2732 in
606 2670 752 2735 odio
821 2671 1016 2735 simili
1075 2672 1423 2747 multitudo
1486 2673 1826 2736 hominum
1887 2671 2046 2735 haec
2112 2674 2247 2736 erat
2306 2691 2623 2733 maxuma.

473 2776 640 2839 Tum
688 2777 874 2840 istius
914 2781 1057 2841 acta
1094 2778 1744 2859 commemorabatur,
1789 2782 1929 2841 tum
1968 2778 2291 2861 flagitiosa
2327 2777 2440 2839 illa
2478 2797 2624 2840 con-

474 2881 664 2964 vivia,
699 2885 840 2945 111111
871 2883 1360 2965 appellabantur
1382 2894 1425 2946 ‘a
1451 2882 1865 2946 multitudine
1894 2882 2192 2946 mulieres
2221 2883 2624 2965 nominatim,

473 2990 615 3051 tum
678 2989 1070 3070 quaerebant
1129 2985 1209 3052 ex
1262 2987 1387 3053 isto
1442 2990 1687 3073 palam,
1743 2992 1845 3053 tot
1902 2989 2035 3053 dies
2083 2989 2451 3072 continuos,
2510 3011 2624 3071 per

394 3113 445 3153 25
476 3078 635 3178 quos
683 3117 1038 3179 numquam
1075 3095 1250 3159 visus
1291 3100 1484 3179 esset,
1530 3097 1643 3160 ubi
1680 3097 1936 3178 fuisset,
1984 3095 2137 3179 quid
2169 3095 2433 3181 egisset,
2479 3099 2618 3159 tum

473 3202 824 3286 imperator
895 3203 974 3266 ab
1048 3203 1174 3266 isto
1248 3204 1653 3287 praepositus
1740 3203 2111 3268 Cleomenes
2187 3201 2621 3286 flagitabatur,

471 3331 716 3393 neque
792 3310 1197 3392 quicquam
1269 3310 1591 3393 propius
1668 3315 1782 3375 est
1854 3310 2171 3392 factum,
2246 3330 2465 3391 quam
2539 3313 2621 3372 ut

472 3416 670 3480 illud
706 3415 1078 3482 Uticense
1126 3418 1554 3500 exemplum
1603 3418 1689 3482 de
1726 3416 2120 3481 Hadriano
2168 3414 2623 3480 transferretur

474 3521 850 3611 Syracusas,
922 3528 996 3587 ut
1065 3525 1190 3588 duo
1253 3525 1545 3607 sepulcra
1616 3525 1886 3588 duorum
1947 3527 2317 3608 praetorum
2385 3521 2619 3604 impro-

392 3649 446 3689 31)
473 3631 705 3695 borum
744 3631 989 3694 duabus
1027 3631 1095 3694 in
1131 3614 1478 3714 provinciis
1509 3631 2068 3696 constituerentur.
2115 3629 2358 3694 Verum
2396 3627 2619 3691 habita

474 3740 571 3801 est
617 3760 656 3801 a
701 3737 1113 3802 multitudine
1158 3738 1322 3802 ratio
1361 3740 1699 3822 temporis,
1743 3738 1965 3801 habita
2002 3737 2350 3819 tumultus,
2395 3734 2618 3800 habita

471 3844 667 3909 etiam
714 3843 1046 3930 dignitatis
1094 3844 1713 3926 existimationisque
1761 3845 2150 3927 communis,
2200 3843 2373 3926 quod
2419 3843 2472 3906 is
2522 3847 2618 3907 est

474 3954 824 4015 conventus
888 3949 1241 4035 Syracusis
1281 3952 1516 4016 civium
1578 3951 2046 4033 Romanorum,
2105 3954 2177 4014 ut
2231 3973 2365 4014 non
2423 3949 2615 4013 modo

473 4057 586 4121 illa
641 4058 999 4142 provincia,
1052 4079 1275 4122 verum
1332 4059 1524 4123 etiam
1580 4058 1702 4123 hac
1756 4082 1824 4123 re
1888 4059 2148 4141 publica
2202 4039 2613 4140 dignissimus

392 4181 445 4221 35
475 4163 888 4229 existimetur.
982 4164 1379 4231 Confirmant
1451 4167 1577 4250 ipsi
1653 4188 1747 4249 se,
1821 4187 1966 4230 cum
2030 4165 2138 4227 hic
2212 4163 2404 4226 etiam
2473 4164 2614 4223 111111
2654 4176 2721 4224 95

2118 4291 2144 4337 7
2160 4284 2185 4311 ἧς
