3175 4800
1388 414 1569 462 123-
1587 414 1707 462 127.
2494 412 2621 478 107

481 576 674 656 atque
758 572 1270 637 innocentissimi
1352 571 1507 636 civis
1582 575 1861 636 mortem
1937 593 2010 635 ac
2076 572 2455 657 sanguinem
2521 573 2623 637 de-

481 683 867 764 precaretur.
1496 673 1503 680 ⁸

659 786 818 863 Quo
867 786 1325 872 confugient
1370 786 1609 851 socii?
1700 785 1905 862 Quem
1952 785 2413 870 inplorabunt‘?
2486 785 2627 863 Qua
2668 804 2768 853 126

480 915 593 978 spe
641 894 942 978 denique,
986 897 1062 958 ut
1105 893 1319 958 vivere
1364 893 1595 976 velint,
1639 894 2058 977 tenebuntur,
2105 894 2160 958 si
2206 914 2321 958 vos
2369 914 2477 958 eos
2525 893 2628 957 de-

426 1027 450 1067 =5
480 1000 748 1065 seretis?
838 999 950 1065 Ad
1010 1004 1357 1065 senatum
1417 1000 1773 1064 venient?
1864 999 2076 1077 Quid?
2164 999 2258 1065 Ut
2304 1001 2381 1065 de
2428 999 2628 1064 Verre

479 1108 870 1192 supplicium
935 1107 1189 1172 sumat?
1295 1106 1448 1172 Non
1495 1112 1594 1171 est
1651 1107 1959 1172 usitatum
1977 1157 1995 1190 ,
2039 1129 2172 1172 non
2218 1108 2627 1172 senatorium.

480 1215 592 1279 Ad
667 1216 1034 1299 populum
1108 1213 1533 1279 Romanum
1611 1214 2107 1300 confugient?
2224 1214 2455 1279 Facilis
2532 1218 2629 1279 est

481 1323 708 1406 populi
765 1343 980 1405 causa3
1034 1323 1244 1407 legem
1301 1321 1471 1385 enim
1529 1342 1596 1386 se
1653 1323 1975 1387 sociorum
2023 1343 2213 1386 causa
2257 1322 2518 1386 iussisse
2565 1326 2631 1385 et

481 1431 539 1494 ei
583 1451 700 1495 vos
745 1430 877 1515 legi
925 1429 1222 1494 custodes
1271 1451 1344 1493 ac
1390 1429 1675 1494 vindices
1722 1430 2169 1513 praeposuisse
2217 1430 2402 1494 dicet.
2484 1428 2628 1493 Hic

403 1562 453 1601 10
478 1539 696 1602 locus
758 1537 959 1622 igitur
1019 1540 1138 1600 est
1199 1557 1421 1619 unus,
1482 1557 1628 1620 quo
1689 1536 2164 1622 perfugiant,
2220 1537 2327 1600 hie
2385 1538 2631 1620 portus,

481 1645 638 1709 haec
685 1659 826 1727 arX,
880 1644 1040 1707 haec
1097 1666 1205 1706 ara
1251 1643 1603 1727 sociorum3
1662 1664 1790 1726 quo
1838 1644 2097 1726 quidem
2143 1664 2315 1707 nune
2361 1664 2494 1707 non
2539 1642 2631 1706 ita

482 1752 892 1837 confugiunt,
943 1755 1019 1814 ut
1079 1754 1266 1814 antea
1324 1751 1394 1813 in
1448 1750 1579 1828 suis
1635 1751 2007 1834 repetundis
2066 1750 2257 1814 rebus
2319 1750 2629 1814 solebant.

480 1858 634 1924 Non
680 1862 1046 1944 argentum,
1103 1880 1236 1922 non
1296 1880 1549 1942 aurum,
1608 1880 1741 1922 non
1786 1863 2059 1941 vestem,
2116 1880 2248 1922 non
2310 1856 2631 1940 mancipia

480 1969 808 2050 repetunt,
843 1988 977 2031 non
1016 1968 1419 2049 ornamenta,
1457 1987 1621 2049 quae
1660 1988 1739 2030 ex
1776 1967 2043 2031 urbibus
2080 1965 2374 2050 fanisque
2412 1968 2631 2048 erepta

405 2094 452 2134 15
483 2077 659 2157 sunt3
720 2077 1017 2137 metuunt
1076 2073 1367 2138 homines
1428 2073 1741 2157 imperiti,
1798 2096 1879 2138 ne
1939 2075 2068 2137 iam
2127 2074 2285 2137 haec
2347 2073 2628 2155 populus

483 2181 808 2244 Romanus
884 2180 1191 2244 concedat
1263 2183 1327 2243 et
1400 2180 1491 2242 ita
1562 2181 1705 2244 fieri
1777 2180 1949 2243 velit.
2042 2178 2288 2263 Pati—m
2301 2201 2387 2242 ur
2460 2178 2630 2242 enim

484 2287 768 2349 multos
832 2286 962 2348 iam
1037 2306 1271 2349 annos
1338 2288 1401 2348 et
1466 2286 1758 2369 silemus,
1830 2308 1992 2350 cum
2067 2281 2462 2372 videamuss
2538 2285 2630 2348 ad

483 2413 769 2479 paucos
830 2390 1172 2456 homines
1234 2414 1454 2458 omnes
1519 2393 1806 2458 omnium
1866 2393 2203 2457 nationum
2262 2392 2629 2476 pecunias

483 2501 944 2586 pervenisse.
1038 2499 1224 2576 Quod
1271 2522 1345 2564 eo
1394 2502 1601 2587 magis
1647 2501 1813 2565 ferre
1860 2501 2073 2564 animo
2123 2521 2326 2584 aequo
2376 2502 2439 2563 et
2486 2520 2630 2563 con-

403 2630 455 2670 20
485 2610 704 2674 cedere
767 2608 1088 2691 videmur,
1161 2608 1312 2691 quia
1372 2630 1563 2672 nemo
1629 2608 1902 2672 istorum
1977 2607 2370 2690 dissimulat,
2440 2628 2629 2670 nemo

481 2717 760 2800 laborat,
805 2719 880 2780 ut
925 2716 1197 2780 obscura
1244 2736 1360 2779 sua
1406 2715 1722 2799 cupiditas
1772 2736 1910 2780 esse
1944 2714 2252 2779 videatur.
2316 2712 2402 2778 In
2447 2713 2631 2777 urbe

482 2828 748 2888 nostra
810 2821 1243 2906 pulcherrima
1299 2825 1491 2904 atque
1557 2823 1964 2886 ornatissima
2029 2821 2230 2904 quod
2298 2821 2631 2920 signum,

488 2950 676 3012 quae
736 2929 1002 2992 tabula
1045 2928 1220 3011 picta
1266 2931 1409 3011 est,
1469 2949 1661 3011 quae
1706 2950 1857 2992 non
1904 2928 1992 2992 ab
2040 2926 2396 2992 hostibus
2443 2927 2630 2991 victis

488 3038 676 3119 capta
757 3038 948 3117 atque
1032 3035 1440 3118 deportata
1532 3034 1682 3099 sit‘?
1807 3033 1899 3099 At
1980 3035 2305 3099 istorum
2396 3033 2632 3097 villae

406 3161 457 3201 25
488 3142 869 3207 sociorum
914 3142 1435 3206 fidelissimorum
1482 3143 1799 3226 plurumis
1848 3147 1911 3207 et
1948 3141 2415 3227 pulcherrumis
2464 3159 2632 3224 spo-

485 3250 617 3312 liis
666 3252 978 3313 ornatae
1024 3248 1418 3333 refertaeque
1467 3252 1661 3313 sunt.
1744 3247 1875 3313 Ubi
1921 3250 2222 3333 pecunias
2270 3251 2631 3312 exterarum

487 3356 825 3421 nationum
873 3376 1009 3420 esse
1058 3357 1484 3439 arbitramini,
1531 3377 1694 3439 quae
1740 3378 1912 3420 nunc
1959 3377 2180 3419 omnes
2219 3359 2438 3441 egent,
2484 3377 2630 3420 cum

485 3461 804 3545 Athenas,
850 3462 1263 3549 Pergamum,
1311 3462 1642 3546 Cyzicum,
1687 3462 2014 3545 Miletum,
2052 3461 2311 3546 Chium,
2349 3461 2633 3545 Samum,

486 3573 690 3634 totam
739 3568 1013 3654 denique
1060 3568 1312 3654 Asiam,
1357 3568 1698 3652 Achaiam,
1754 3568 2110 3652 Graeciam,
2166 3567 2451 3632 Siciliam
2497 3573 2632 3633 tam

408 3695 460 3736 30
487 3677 557 3739 in
600 3676 822 3759 paucis
861 3677 1031 3742 villis
1079 3678 1358 3742 inclusas
1407 3697 1543 3741 esse
1580 3676 1895 3741 videatis?
1968 3674 2092 3739 Sed
2130 3674 2316 3758 haec,
2360 3680 2435 3739 ut
2471 3675 2634 3760 dico,

488 3783 706 3848 omnia
754 3784 883 3847 iam
946 3784 1104 3849 socii
1158 3784 1356 3848 vestri
1408 3784 1781 3868 relinquont
1837 3786 1902 3847 et
1945 3783 2327 3868 neglegunt,
2371 3783 2630 3848 iudices.

485 3889 595 3955 Ne
641 3891 954 3973 publice
1002 3915 1039 3955 a
1074 3893 1317 3974 populo
1356 3891 1650 3957 Romano
1691 3891 2243 3975 spoliarentur,
2290 3890 2519 3955 officiis
2560 3912 2633 3954 ac

487 3997 612 4061 fide
685 3998 1218 4082 providerunt3
1291 4021 1707 4083 paucorum
1772 3997 2187 4081 cupiditati
2252 4002 2421 4080 tum,
2485 4017 2632 4059 cum

489 4103 796 4169 obsistere
855 4129 985 4170 non
1047 4110 1372 4190 poterant,
1435 4111 1654 4171 tamen
1720 4105 2084 4170 sufficere
2159 4104 2374 4186 aliquo
2440 4101 2629 4164 modo

411 4228 461 4268 85
488 4214 872 4295 poterant3
942 4235 1141 4277 nunc
1203 4236 1354 4278 vero
1428 4214 1554 4277 iam
1632 4213 1983 4296 adempta
2056 4213 2170 4274 est
2242 4230 2374 4272 non
2437 4206 2631 4270 modo

2672 2731 2771 2779 127
