3175 4800
1391 395 1460 443 40
1474 396 1650 458 —-46;
1690 396 1774 445 48.
2038 426 2041 430 .
2570 396 2655 460 85

509 552 655 634 niae
694 551 1038 637 dederint,
1109 558 1286 638 post,
1360 553 1416 620 si
1486 553 1838 637 videbitur,
1911 577 1991 618 ex
2061 555 2351 637 ipsorum
2422 556 2654 621 litteris

510 659 911 743 testibusque
972 682 1366 743 quaeremus,
1467 661 1754 726 Navem
1818 683 1970 726 vero
2036 663 2393 746 cybaeam
2458 664 2655 729 maxi-
2690 684 2761 731 44

510 788 682 830 mam
727 766 1004 831 triremis
1050 768 1255 832 instar
1289 770 1503 851 palam
1542 769 1941 833 aedificatam
1988 773 2296 853 sumptu
2338 772 2652 854 publico

507 877 621 937 tuo
677 874 938 939 nomine
992 875 1251 959 publice
1307 875 1546 940 sciente
1594 878 1732 940 tota
1780 873 1999 940 Sicilia
2045 898 2161 959 per
2205 865 2654 963 magistratum

455 1001 480 1041 5
509 983 930 1064 senatumque
958 980 1414 1047 Mamertinum
1452 981 1600 1047 tibi
1638 981 1888 1047 datam
1927 983 2442 1069 donatamque
2490 1006 2652 1050 esse

508 1087 668 1152 dico.
742 1086 921 1152 Haec
966 1089 1148 1154 navis
1197 1092 1473 1153 onusta
1519 1090 1799 1173 praeda
1847 1089 2274 1176 Siciliensi,
2319 1113 2466 1156 cum
2511 1093 2654 1176 ipsa

508 1215 764 1277 quoque
820 1197 989 1260 esset
1043 1217 1123 1259 ex
1175 1196 1437 1279 praeda,
1494 1196 1689 1259 simul
1733 1218 1880 1261 cum
1925 1198 2065 1282 ipse
2112 1198 2470 1282 decederet,
2526 1201 2652 1264 ad-

505 1302 727 1384 pulsa
772 1301 1060 1366 Veliam
1108 1305 1224 1366 est
1278 1324 1425 1367 cum
1471 1303 1770 1388 plurimis
1813 1306 2004 1370 rebus
2053 1310 2119 1369 et
2162 1305 2270 1389 iis,
2325 1327 2483 1391 quas
2529 1307 2651 1371 iste
2707 1377 2712 1381 ⁴

505 1407 779 1473 Romam
843 1410 1099 1474 mittere
1163 1430 1310 1474 cum
1376 1410 1603 1474 ceteris
1668 1411 1857 1476 furtis
1921 1413 2160 1496 noluit,
2224 1413 2396 1497 quod
2470 1418 2652 1480 erant

426 1538 477 1578 ιο
506 1516 869 1580 carissimae
916 1517 1321 1600 maximeque
1368 1538 1513 1581 eum
1563 1516 1982 1583 delectabant.
2278 1551 2281 1557 ¹

467 1606 470 1608 Α
695 1623 910 1688 Verres
962 1623 1072 1687 hat
1123 1625 1243 1688 das
1289 1621 1499 1703 Schiff
1542 1624 1712 1688 nicht
1752 1626 1864 1706 fiir
1906 1627 2043 1691 sein
2092 1624 2253 1692 Gela
2292 1628 2538 1710 mebant,
2583 1648 2651 1691 er
2687 1641 2758 1718 μ

502 1731 710 1811 durfte
768 1750 831 1794 es
889 1730 1048 1794 auch
1105 1715 1204 1795 als
1266 1727 1529 1795 Senator
1585 1731 1779 1809 nicht,
1844 1753 1911 1797 er
1974 1733 2260 1798 brauchte
2322 1734 2478 1801 auch
2536 1736 2650 1816 fiir
2683 1708 2757 1813 {²3

500 1837 635 1901 sein
679 1836 836 1902 Amt
886 1838 1060 1902 keins
1111 1857 1192 1902 zu
1245 1838 1476 1915 bauem
1532 1858 1595 1903 es
1649 1838 1823 1904 kann
1865 1861 1992 1905 nur
2036 1840 2339 1905 bestimmt
2378 1862 2650 1924 yewesen

497 1944 658 2024 sein,
705 1945 806 2009 die
846 1944 1180 2027 yeraubten
1224 1944 1679 2011 Kunstschc'itze
1721 1947 2224 2028 fortzuschaffen.

421 2073 471 2115 15
677 2050 920 2117 Verum
976 2051 1134 2116 haec
1191 2052 1435 2134 omnia,
1489 2053 1554 2116 si
1611 2053 1835 2118 doces
1895 2077 2162 2119 navem
2218 2056 2304 2119 de
2349 2059 2481 2120 tua
2524 2079 2647 2139 pe·
2684 2072 2752 2121 47

501 2158 731 2223 cunia
785 2157 1333 2241 aedificatam,
1373 2158 1635 2223 remitto
1694 2164 1887 2243 atque
1946 2161 2247 2226 concedo,
2332 2160 2458 2226 Sed
2503 2161 2647 2246 hoc,

499 2265 696 2329 homo
745 2264 1208 2347 amentissime,
1253 2286 1388 2329 non
1433 2263 1756 2350 intellegis
1802 2266 2016 2349 priore
2063 2268 2315 2332 actione
2360 2269 2441 2333 ab
2489 2268 2646 2353 ipsis

497 2372 638 2437 istis
685 2371 1113 2456 Mamertinis,
1157 2370 1286 2436 tuis
1331 2369 1803 2457 laudatoribus,
1850 2394 1987 2438 esse
2034 2375 2404 2440 sublatum?
2473 2375 2645 2441 Nam

499 2479 698 2543 dixit
755 2478 1024 2563 Heius,
1081 2479 1380 2563 princeps
1440 2479 1628 2544 istius
1687 2481 2060 2566 legationis,
2121 2504 2283 2567 quae
2340 2483 2418 2548 ad
2465 2487 2646 2548 tuam

417 2609 469 2648 20
495 2585 931 2652 laudationem
997 2586 1194 2652 missa
1249 2590 1374 2670 est,
1434 2608 1703 2651 navem
1767 2588 1922 2653 tibi
1986 2590 2243 2674 operis
2301 2589 2644 2674 publicis

495 2693 1126 2759 Mamertinorum
1166 2715 1328 2759 esse
1365 2694 1678 2778 factam,
1715 2695 1901 2780 eique
1928 2696 2255 2761 faciendae
2284 2687 2645 2762 senatorem

494 2800 952 2865 Mamertinum
1006 2802 1265 2884 publice
1311 2801 1681 2884 praefuisse.
1773 2801 2049 2886 Reliqua
2113 2808 2210 2867 est
2267 2804 2642 2868 materies.

495 2904 709 2969 Hanc
769 2905 1121 2991 Reginis,
1181 2910 1254 2970 ut
1313 2907 1439 2989 ipsi
1498 2906 1723 2970 dicunt
1781 2906 2068 2994 (tametsi
2114 2912 2187 2972 tu
2231 2930 2465 2993 negare
2510 2921 2662 2974 non¹

496 3008 741 3098 potes),
785 3012 1073 3096 publice,
1134 3013 1307 3096 quod
1367 3011 1736 3076 Mamertini
1795 3014 2126 3077 materiem
2189 3037 2322 3078 non
2382 3015 2644 3100 habent,

417 3139 468 3181 25
497 3118 1004 3203 imperavisti.
1098 3117 1195 3203 Si,
1260 3122 1325 3184 et
1388 3141 1468 3183 ex
1533 3141 1661 3203 quo
1726 3120 1803 3184 fit
1863 3120 2047 3185 navis
2103 3125 2167 3185 et
2222 3122 2333 3204 qui
2378 3122 2644 3207 faciunt,

495 3225 764 3307 imperio
811 3225 933 3289 tibi
978 3229 1091 3290 tuo
1103 3276 1122 3310 ,
1166 3248 1300 3292 non
1342 3226 1551 3310 pretio
1598 3229 1852 3310 praesto
1899 3226 2187 3311 fuerunt,
2231 3228 2345 3308 ubi
2380 3230 2640 3307 tandem

494 3331 668 3396 istud
714 3333 901 3415 latet,
948 3333 1121 3416 quod
1167 3338 1240 3398 tu
1288 3334 1365 3398 de
1406 3337 1519 3398 tua
1554 3334 1829 3418 pecunia
1865 3334 2023 3415 dicis
2071 3334 2479 3418 impensum?
2549 3335 2641 3402 At
2675 3353 2745 3402 48

493 3436 947 3502 Mamertini
1001 3439 1080 3503 in
1134 3441 1426 3505 tabulis
1473 3441 1676 3505 nihil
1720 3440 2022 3506 habent.
2115 3441 2403 3507 Primum
2451 3444 2637 3509 video

493 3545 780 3628 potuisse
853 3545 1020 3629 fieri,
1093 3551 1168 3612 ut
1239 3570 1320 3611 ex
1391 3548 1632 3613 aerario
1695 3548 1861 3612 nihil
1925 3548 2175 3633 darent3
2235 3550 2469 3614 etenim
2536 3553 2640 3616 vel

413 3674 466 3713 30
496 3650 913 3736 Capitolium,
951 3654 1118 3718 sicut
1156 3654 1325 3739 apud
1363 3656 1635 3720 maiores
1663 3659 1920 3721 nostr0s
1948 3654 2194 3720 factum
2222 3659 2346 3740 est,
2378 3658 2637 3740 publice

494 3759 732 3825 coactis
778 3760 977 3825 fabris
1025 3762 1363 3845 operisque
1399 3763 1729 3847 imperatis
1766 3763 1967 3849 gratis
2006 3763 2405 3828 exaedificari
2443 3768 2636 3849 atque

494 3866 664 3932 effici
724 3867 966 3953 potuit3
1031 3867 1259 3933 deinde
1308 3851 1670 3953 'perspici0,
1727 3870 1794 3933 id
1843 3871 2015 3953 quod
2063 3870 2429 3955 ostendam,
2487 3893 2633 3938 cum

491 3973 665 4057 ipsos
711 3975 1104 4059 produxero,
1149 3975 1436 4060 ipsorum
1483 3999 1561 4041 ex
1606 3977 1867 4061 litteris,
1912 3979 2147 4043 multas
2185 3979 2487 4061 pecunias
2525 3979 2635 4043 isti

494 4083 784 4165 erogatas
845 4081 914 4146 in
975 4105 1241 4169 operum
1300 4083 1653 4149 locationes
1712 4084 1905 4148 falsas
1967 4088 2159 4168 atque
2218 4084 2438 4148 inanes
2495 4105 2632 4148 esse

414 4205 465 4246 35
494 4188 894 4271 perscriptas.
986 4187 1124 4254 Iam
1187 4191 1349 4254 illud
1414 4190 1721 4255 minime
1785 4192 2055 4255 mirum
2121 4195 2262 4274 est,
2319 4190 2630 4254 Mamer-
