3175 4800
543 402 631 465 64
1196 395 1288 450 111.
1327 395 1412 450 De
1450 394 1643 464 signis.
1701 392 2027 464 (Auswahl.)

540 563 832 626 lacrum
880 558 1222 624 Aristaei
1268 581 1401 623 non
1445 561 1559 622 tuo
1616 558 1888 643 imperio
1941 560 2155 643 palam
2207 560 2493 624 ablatum
2545 560 2689 624 est‘?

545 667 756 745 Quid?
845 666 948 730 Ex
1003 665 1156 730 aede
1210 664 1382 730 Iovis
1429 665 1985 751 religiosissimum
2042 666 2453 731 simulacrum
2512 665 2685 732 Iovis

542 773 985 859 Imperatoris,
1033 794 1223 857 quem
1273 770 1497 837 Graeci
1549 774 1802 859 Οὕριον
1845 773 2211 857 nominant,
2258 774 2685 858 pulcherrime

543 882 787 947 factum
841 881 1057 944 nonne
1112 879 1480 944 abstulisti?
1559 878 1772 956 Quid?
1841 880 1945 944 Ex
1998 880 2152 945 aede
2201 880 2468 946 Liberae
2523 880 2706 965 apri·'

542 1012 699 1053 num
761 990 955 1070 caput
1000 986 1159 1050 illud
1207 986 1740 1070 pulcherrimum,
1804 987 1976 1069 quod
2035 986 2239 1051 visere
2303 988 2686 1072 solebamus,
2716 1010 2743 1050 5

429 1113 435 1122 ‘
542 1118 699 1160 num
748 1093 1059 1159 dubitasti
1104 1094 1375 1158 tollere?
1447 1092 1664 1177 Atque
1711 1094 1821 1158 ille
1865 1092 2080 1158 Paean
2134 1094 2461 1159 sacrificiis
2510 1096 2686 1159 anni-

404 1432 506 1479 129

405 2611 506 2660 130

405 3466 502 3515 131

543 1202 837 1267 versariis
913 1201 1106 1265 simul
1181 1222 1326 1264 cum
1401 1199 1789 1284 Aesculapio
1864 1200 2035 1284 apud
2107 1201 2254 1266 illos
2329 1201 2687 1286 colebatur3

544 1308 904 1391 Aristaeus,
951 1308 1063 1390 qui
1108 1308 1407 1371 inventor
1452 1308 1579 1372 olei
1625 1329 1761 1373 esse
1799 1308 2059 1392 dicitur,
2103 1332 2242 1400 una·
2268 1330 2415 1373 cum
2450 1309 2684 1374 Libero

545 1419 726 1499 patre
764 1415 935 1497 apud
971 1414 1117 1478 illos
1157 1415 1381 1478 eodem
1420 1419 1556 1479 erat
1583 1415 1661 1479 ‘in
1696 1415 1940 1500 templo
1978 1420 2403 1481 consecratus.
2465 1415 2684 1480 Iovem

545 1525 760 1587 autem
805 1519 1267 1604 Imperatorem
1325 1523 1565 1604 quanto
1620 1521 1866 1587 honore
1912 1523 1980 1586 in
2035 1544 2150 1588 suo
2197 1524 2441 1607 templo
2486 1515 2685 1586 fuisse
2715 1544 2771 1583 10

545 1628 1006 1693 arbitramini?
1079 1626 1382 1693 Conicere
1446 1629 1748 1713 potestis,
1820 1631 1875 1693 si
1945 1630 2265 1694 recordari
2336 1629 2688 1713 volueritis,

545 1741 787 1819 quanta
812 1736 1125 1821 religione
1151 1737 1348 1801 fuerit
1387 1737 1647 1800 eadem
1685 1737 1937 1821 specie
1976 1760 2058 1802 ac
2094 1738 2341 1802 forma
2386 1737 2687 1822 signum

544 1843 767 1926 illud,
814 1843 987 1925 quod
1026 1866 1105 1907 ex
1132 1842 1507 1907 Macedonia
1546 1846 1806 1927 captum
1844 1844 1923 1907 in
1960 1842 2346 1927 Capitolio
2385 1848 2688 1928 posuerat

543 1948 959 2014 Flamininus.
1052 1950 1314 2014 Etenim
1378 1951 1529 2015 tria
1594 1950 1964 2015 ferebantur
2025 1952 2094 2015 in
2157 1952 2310 2016 orbe
2373 1955 2685 2026 terrarum

545 2058 767 2143 signa
826 2055 1037 2121 Iovis
1096 2056 1596 2140 Imperatoris
1651 2080 1781 2121 uno
1837 2058 1905 2121 in
1959 2081 2190 2144 genere
2235 2058 2686 2142 pulcherrume
2715 2078 2767 2119 15

543 2164 741 2248 facta,
811 2187 1013 2229 unum
1086 2165 1249 2229 illud
1308 2165 1909 2249 Macedonicum,
1982 2165 2154 2249 quod
2225 2166 2302 2230 in⁴
2370 2163 2686 2249 Capitolio

544 2272 854 2354 vidimus,
891 2273 1162 2336 alterum
1200 2271 1279 2335 in
1314 2271 1544 2336 Ponti
1581 2295 1706 2337 ore
1744 2275 1809 2336 et
1845 2273 2157 2357 angustiis
2186 2273 2478 2356 tertium,
2516 2272 2687 2356 quod

547 2378 948 2464 Syracusis
987 2381 1134 2443 ante
1158 2377 1441 2444 Verrem
1479 2382 1839 2462 praetorem
1876 2379 2017 2444 fuit.
2080 2378 2251 2444 Illud
2287 2379 2685 2444 Flamininus

544 2488 636 2551 ita
700 2510 779 2551 ex
843 2487 995 2551 aede
1057 2508 1173 2551 sua
1227 2470 1517 2569 sustulit,
1591 2489 1666 2551 ut
1728 2486 1798 2550 in
1861 2485 2207 2569 Capitolio,
2269 2487 2394 2552 hoc
2459 2491 2557 2552 est
2619 2488 2687 2551 in

544 2593 831 2658 terrestri
891 2594 1215 2658 domicilio
1275 2591 1476 2675 Iovis,
1535 2596 1819 2675 poneret.
1925 2592 2113 2670 Quod
2173 2597 2387 2658 autem
2448 2597 2546 2659 est
2604 2594 2684 2658 ad
2712 2615 2767 2654 20

544 2701 883 2765 introitum
930 2698 1158 2783 Ponti,
1201 2700 1297 2783 id,
1352 2700 1729 2783 quomsstam
1774 2702 1980 2764 multa
2026 2723 2105 2764 ex
2149 2701 2263 2765 ill'o
2310 2701 2474 2780 mari
2516 2700 2687 2766 bella

546 2807 945 2890 emerserint,
1007 2809 1141 2870 tam
1207 2808 1410 2871 multa
1473 2810 1667 2890 porro
1740 2808 1810 2871 in
1870 2807 2152 2872 Pontum
2223 2808 2477 2873 invecta
2540 2808 2687 2891 sint,

544 2911 748 2998 usque
778 2915 857 2978 ad
893 2914 1061 2977 hanc
1097 2913 1266 2978 diem
1303 2914 1640 3000 integrum·
1664 2914 2174 2997 inviolatumque
2211 2918 2534 2979 servatum
2571 2918 2686 2978 est.

544 3021 691 3087 Hoc
751 3023 1040 3104 tertium,
1115 3022 1288 3104 quod
1353 3025 1489 3085 erat
1554 3020 1915 3106 Syracusis,
1988 3021 2160 3104 quod
2223 3021 2306 3085 M.
2343 3020 2683 3085 Marcellus

545 3134 827 3195 armatus
902 3133 966 3193 et
1029 3129 1239 3193 victor
1306 3129 1582 3211 viderat,
1658 3129 1829 3210 quod
1899 3128 2198 3214 religioni
2271 3110 2685 3210 concesserat,
2712 3149 2766 3189 25

547 3237 718 3318 quod
791 3237 959 3300 cives
1034 3239 1227 3317 atque
1298 3235 1545 3299 incolae
1622 3235 1856 3318 colere,
1927 3235 2207 3299 advenae
2277 3238 2412 3299 non
2474 3236 2684 3299 solum

543 3342 780 3425 visere,
838 3363 1061 3405 verum
1127 3342 1320 3406 etiam
1381 3340 1670 3405 venerari
1734 3342 2053 3425 solebant,
2110 3342 2174 3405 id
2224 3341 2290 3407 O.
2319 3341 2551 3407 Verres
2607 3365 2687 3406 ex

544 3445 788 3533 templo
834 3446 1005 3513 Iovis
1053 3448 1331 3512 sustulit.
1413 3447 1506 3514 Ut
1552 3448 1804 3532 saepius
1852 3449 1929 3512 ad
1967 3449 2342 3513 Marcellum
2387 3452 2687 3533 revertar,

545 3557 814 3639 iudices,
874 3556 967 3620 sic
1024 3555 1357 3640 habetote,
1414 3556 1662 3639 pluris
1724 3558 1887 3620 esse
1942 3580 1980 3619 a
2027 3555 2443 3640 Syracusanis
2497 3555 2684 3620 istius

546 3662 825 3728 adventu
888 3662 1066 3727 deos
1134 3684 1326 3746 quam
1389 3663 1661 3727 victoria
1723 3662 2009 3727 Marcelli
2071 3662 2418 3727 homines
2485 3663 2682 3727 desi·
2715 3683 2769 3723 30

547 3772 870 3835 deratOS.
954 3769 1215 3834 Etenim
1270 3770 1386 3837 ille
1449 3770 1792 3853 requisisse
1856 3770 2050 3834 etiam
2114 3770 2350 3834 dicitur
2412 3767 2684 3833 Archi·

546 3899 656 3941 me
674 3877 836 3940 dem
896 3876 1110 3959 illum,
1171 3899 1423 3942 summo
1485 3878 1744 3963 ingenio
1803 3876 2134 3941 hominem
2187 3897 2261 3940 ac
2321 3876 2684 3959 disciplina3

548 4005 738 4067 quem
780 4004 925 4047 cum
974 3983 1256 4048 audisset
1300 3984 1827 4068 interfectum,
1871 3985 2334 4067 permoleste
2380 3982 2686 4066 tulisse3

548 4091 668 4155 iste
731 4091 971 4174 omnia,
1033 4113 1194 4174 quae
1253 4091 1619 4175 requisivit,
1676 4113 1824 4156 non
1851 4094 1927 4155 ut
1973 4093 2401 4171 conservaret,
2461 4112 2684 4153 verum

546 4203 620 4262 ut
666 4201 1050 4281 asportaret,
1094 4198 1448 4280 requisivit.
2714 4215 2767 4257 35

3148 48 3157 105 'aa
