3175 4800
437 1330 538 1379 124

437 2617 537 2666 125

584 404 711 470 106
1178 403 1271 456 IV.
1310 403 1393 456 De
1433 402 1742 472 suppliciis.
1802 402 2128 473 (Auswahl.)

581 566 788 631 securi
847 588 1222 650 percussum
1283 588 1419 631 esse
1481 566 1653 649 dicO,
1712 569 2004 631 versatur
2066 565 2226 630 mihi
2291 571 2439 632 ante
2505 569 2727 633 oculos

579 673 1005 758 indignitas
1092 673 1578 738 calamitatis.
1686 665 2015 737 Eorumne
2088 673 2478 756 populorum
2553 674 2729 759 civis,

580 802 800 844 eorum
848 802 1150 865 agrorum
1198 782 1521 864 alumnos,
1568 803 1647 844 ex
1694 781 1927 863 quibus
1967 781 2247 845 maxima
2282 781 2380 845 vis
2417 781 2725 846 frumenti

579 887 923 970 quotannis
989 888 1166 971 plebi
1229 886 1558 952 Romanae
1632 888 1895 952 illorum
1971 888 2180 972 operis
2257 909 2330 952 ac
2393 888 2722 953 laboribus

579 995 933 1078 quaeritur,
980 995 1092 1078 qui
1137 1018 1174 1058 a
1219 995 1594 1079 parentibus
1643 1015 1755 1079 spe
1801 993 2007 1058 nostri
2052 995 2308 1079 imperii
2341 999 2726 1079 nostraeque
2755 1017 2779 1057 5

578 1101 919 1184 aequitatis
968 1102 1250 1185 suscepti
1299 1101 1678 1185 educatique
1727 1104 1906 1184 sunt,
1953 1102 2033 1166 ad
2072 1100 2136 1166 G.
2159 1101 2379 1166 Verris
2417 1101 2727 1166 nefariam

576 1208 1022 1272 inmanitatem
1080 1213 1144 1273 et
1190 1210 1271 1272 ad
1318 1208 1452 1273 eius
1499 1209 1823 1273 funestam
1880 1229 2166 1273 securem
2216 1230 2353 1274 esse
2400 1209 2729 1273 servatos?

579 1315 789 1393 Quom
850 1315 1012 1379 mihi
1071 1316 1492 1400 Tyndaritani
1550 1316 1726 1380 illius
1782 1316 1960 1380 venit
2019 1316 2090 1380 in
2153 1320 2466 1400 mentem,
2531 1338 2725 1400 quom

579 1419 941 1507 Segestani,
996 1426 1136 1487 tum
1192 1423 1334 1487 iura
1389 1423 1584 1487 simul
1640 1422 1975 1487 civitatum
2032 1427 2225 1507 atque
2273 1423 2489 1488 officia
2525 1424 2726 1488 consi-

578 1528 744 1594 dero.
841 1529 1012 1607 Quas
1059 1530 1249 1594 urbes
1296 1529 1365 1593 P.
1396 1528 1740 1594 Africanus
1789 1530 1983 1594 etiam
2032 1531 2347 1596 ornandas
2398 1552 2536 1595 esse
2583 1552 2724 1614 spo·
2754 1554 2806 1593 ιο

575 1636 678 1701 liis
724 1635 1013 1701 hostium
1061 1637 1408 1701 arbitratus
1457 1641 1580 1720 est,
1637 1659 1741 1702 eas
1792 1636 1857 1701 O.
1878 1637 2111 1702 Verres
2158 1661 2292 1703 non
2336 1640 2549 1704 solum
2595 1637 2723 1702 illis
2767 1715 2779 1727 ι

577 1744 999 1826 ornamentis,
1058 1742 1169 1808 sed
1229 1743 1422 1808 etiam
1482 1745 1637 1809 viris
1699 1744 2117 1809 nobilissimis
2178 1745 2422 1810 nefario
2491 1747 2724 1810 scelere

574 1850 869 1934 privavit.
960 1850 1092 1933 En,
1140 1852 1313 1933 quod
1357 1851 1867 1935 Tyndaritani
1921 1852 2198 1917 libenter
2252 1853 2724 1935 praedicent:

578 1956 765 2022 ‘Nos
803 1957 882 2020 in
919 1958 1462 2041 septemdecim
1500 1959 1811 2042 populis
1852 1958 2169 2024 Siciliae
2214 1981 2725 2041 numeramur,

574 2087 710 2130 nos
794 2086 1088 2148 semper
1178 2065 1529 2130 omnibus
1613 2065 1926 2131 Punicis
2022 2065 2722 2149 Siciliensibusque
2752 2087 2803 2127 ιε

576 2173 806 2238 bellis
865 2172 1285 2238 amicitiam
1339 2173 1727 2257 fidemque
1784 2173 2057 2258 populi
2103 2172 2430 2238 Romani
2476 2172 2726 2238 secuti

578 2301 864 2363 sumus,
919 2304 955 2344 a
1009 2280 1233 2345 nobis
1292 2281 1542 2346 omnia
1587 2283 1872 2365 populo
1922 2279 2259 2346 Romano
2309 2302 2609 2364 semper
2654 2284 2727 2345 et

577 2387 772 2452 belli
836 2388 1275 2454 adiumenta
1340 2392 1412 2453 et
1475 2388 1687 2472 pacis
1765 2391 2212 2454 ornamenta
2284 2387 2728 2453 ministrata

576 2495 794 2560 sunt?
885 2495 1165 2560 Multum
1224 2518 1376 2561 vero
1435 2495 1597 2561 haec
1654 2495 1733 2560 iis
1793 2496 1934 2561 iura
1988 2497 2371 2580 profuerunt
2426 2495 2496 2560 in
2540 2495 2725 2560 istius

575 2603 844 2687 imperio
892 2625 965 2667 ac
1011 2605 1358 2686 potestate!
1449 2602 1761 2668 Vestros
1811 2605 2135 2688 quondam
2180 2597 2456 2668 nautas
2505 2607 2726 2668 contra
2753 2624 2805 2664 20

577 2707 1030 2794 Carthaginem
1080 2708 1340 2793 Scipio
1389 2710 1635 2794 duxit,
1682 2716 1748 2775 at
1792 2733 1965 2776 nunc
2010 2733 2241 2775 navem
2290 2715 2514 2776 contra
2548 2732 2725 2793 prae-

576 2816 772 2881 dones
827 2838 1029 2899 paene
1084 2816 1341 2881 inanem
1388 2808 1761 2882 Cleomenes
1821 2819 2024 2902 ducit3
2077 2818 2477 2883 vobiscum
2522 2816 2725 2880 Afri-

576 2945 805 2988 canus
880 2923 1165 2989 hostium
1233 2924 1482 3008 spolia
1545 2928 1611 2990 et
1674 2925 1958 3008 praemia
2029 2925 2238 2989 laudis
2314 2924 2725 2990 communi-

577 3029 808 3117 cavit,
872 3036 937 3096 at
1000 3052 1172 3097 nunc
1235 3054 1351 3115 per
1412 3031 1586 3097 hunc
1653 3032 1913 3117 spoliati
1976 3055 2139 3096 nave
2200 3056 2236 3096 a
2296 3031 2723 3116 praedonibus

577 3139 853 3204 abducta
898 3139 1025 3223 ipsi
1069 3139 1138 3203 in
1181 3139 1466 3203 hostium
1513 3140 1660 3204 loco
1707 3161 2106 3223 numeroque
2154 3138 2479 3203 ducimini.
2554 3136 2722 3214 Quid
2751 3157 2803 3198 25

574 3245 772 3310 vero?
861 3245 1010 3309 Illa
1072 3244 1675 3330 Segestanorum
1735 3268 1869 3311 non
1927 3246 2138 3311 solum
2198 3245 2430 3310 litteris
2489 3245 2725 3309 tradita

576 3373 785 3435 neque
846 3357 1347 3417 commemorata
1408 3353 1650 3435 verbiS,
1710 3354 1821 3418 sed
1881 3353 2102 3417 multis
2169 3353 2401 3418 officiis
2465 3354 2725 3416 illorum

576 3462 886 3542 usurpata
922 3463 986 3523 et
1023 3461 1440 3544 comprobata
1487 3461 1849 3546 cognatio
1900 3481 2088 3544 quos
2128 3460 2387 3524 tandem
2425 3460 2723 3523 fructus

575 3566 842 3631 huiusce
900 3567 1388 3632 necessitudinis
1449 3567 1518 3631 in
1581 3567 1767 3631 istius
1828 3567 2098 3650 imperio
2155 3565 2384 3631 tulit‘?
2472 3564 2726 3648 Nempe

574 3673 699 3737 hoc
759 3675 897 3738 iure
957 3675 1110 3758 fuit,
1167 3675 1436 3759 iudices,
1499 3677 1574 3738 ut
1635 3697 1714 3738 ex
1774 3675 1919 3739 sinu
1979 3674 2225 3758 patriae
2283 3672 2724 3738 nobilissimus
2755 3692 2807 3732 ao

577 3780 947 3846 adulescens
1005 3781 1190 3845 istius
1248 3781 1532 3846 carnifici
1588 3780 1810 3846 Sextio
1869 3782 2222 3846 dederetur.
2317 3780 2435 3845 Oui
2482 3778 2726 3845 civitati

578 3887 849 3951 maiores
941 3889 1147 3952 nostri
1237 3890 1551 3954 maximos
1647 3911 1833 3975 agros
1928 3893 2122 3972 atque
2215 3888 2496 3973 optimos
2580 3907 2725 3950 con-

579 3998 932 4078 cesserunt,
1005 4018 1196 4080 quam
1270 3988 1624 4061 immunem
1690 4017 1826 4061 esse
1890 3997 2264 4080 voluerunt,
2333 3995 2492 4059 haec
2556 3991 2724 4076 apud

576 4106 640 4167 te
734 4103 1164 4188 cognationis,
1254 4104 1612 4187 fidelitatiS,
1702 4104 2071 4186 vetustatis,
2162 4100 2563 4168 auctoritatis
2644 4121 2726 4163 ne

575 4211 701 4275 hoc
795 4211 1053 4294 quidem
1144 4210 1299 4274 iuris
1403 4211 1713 4295 obtinuit,
1812 4216 1886 4276 ut
1985 4211 2175 4274 unius
2278 4206 2720 4273 honestissimi
2749 4225 2801 4265 85
