<?xml version="1.0" encoding="UTF-8"?>
<!DOCTYPE html PUBLIC "-//W3C//DTD XHTML 1.0 Transitional//EN"
    "http://www.w3.org/TR/xhtml1/DTD/xhtml1-transitional.dtd">
<html xmlns="http://www.w3.org/1999/xhtml" xml:lang="en" lang="en">
 <head>
  <title>
</title>
<meta http-equiv="Content-Type" content="text/html;charset=utf-8" />
  <meta name='ocr-system' content='tesseract 3.04.00' />
  <meta name='ocr-capabilities' content='ocr_page ocr_carea ocr_par ocr_line ocrx_word'/>
</head>
<body>
  <div class='ocr_page' id='page_1' title='image "./cicerosverrinen00bardgoog_0098.png"; bbox 0 0 3175 4800; ppageno 0'>
   <div class='ocr_carea' id='block_1_1' title="bbox 454 1109 521 1155">
    <p class='ocr_par' dir='ltr' id='par_1_1' title="bbox 454 1109 521 1155">
     <span class='ocr_line' id='line_1_1' title="bbox 454 1109 521 1155; baseline 0 0"><span class='ocrx_word' id='word_1_1' title='bbox 454 1109 521 1155; x_wconf 83' lang='lat'><strong>41</strong></span> 
     </span>
    </p>
   </div>
   <div class='ocr_carea' id='block_1_2' title="bbox 560 387 2113 458">
    <p class='ocr_par' dir='ltr' id='par_1_2' title="bbox 560 387 2113 458">
     <span class='ocr_line' id='line_1_2' title="bbox 560 387 2113 458; baseline -0.002 -15"><span class='ocrx_word' id='word_1_2' title='bbox 560 392 648 457; x_wconf 84' lang='lat'><strong>84</strong></span> <span class='ocrx_word' id='word_1_3' title='bbox 1157 388 1251 442; x_wconf 88' lang='lat' dir='ltr'><strong>IV.</strong></span> <span class='ocrx_word' id='word_1_4' title='bbox 1290 387 1375 441; x_wconf 91' lang='lat' dir='ltr'><strong>De</strong></span> <span class='ocrx_word' id='word_1_5' title='bbox 1414 387 1724 457; x_wconf 73' lang='lat' dir='ltr'><strong>suppliciis,</strong></span> <span class='ocrx_word' id='word_1_6' title='bbox 1785 387 2113 458; x_wconf 87' lang='lat' dir='ltr'><strong>(Auswahl.)</strong></span> 
     </span>
    </p>
   </div>
   <div class='ocr_carea' id='block_1_3' title="bbox 559 539 2798 2132">
    <p class='ocr_par' dir='ltr' id='par_1_3' title="bbox 559 539 2798 2132">
     <span class='ocr_line' id='line_1_3' title="bbox 559 539 2711 635; baseline 0 -18"><span class='ocrx_word' id='word_1_7' title='bbox 559 553 756 618; x_wconf 89' lang='lat' dir='ltr'><strong>tantis</strong></span> <span class='ocrx_word' id='word_1_8' title='bbox 803 552 882 617; x_wconf 91' lang='lat' dir='ltr'><strong>de</strong></span> <span class='ocrx_word' id='word_1_9' title='bbox 927 539 1119 619; x_wconf 84' lang='lat' dir='ltr'><strong>rebus</strong></span> <span class='ocrx_word' id='word_1_10' title='bbox 1179 573 1631 635; x_wconf 88' lang='lat' dir='ltr'><strong>responsum</strong></span> <span class='ocrx_word' id='word_1_11' title='bbox 1693 551 2005 635; x_wconf 89' lang='lat' dir='ltr'><strong>dedisti,</strong></span> <span class='ocrx_word' id='word_1_12' title='bbox 2066 573 2231 617; x_wconf 91' lang='lat' dir='ltr'><strong>cum</strong></span> <span class='ocrx_word' id='word_1_13' title='bbox 2291 573 2496 617; x_wconf 88' lang='lat' dir='ltr'><strong>esses</strong></span> <span class='ocrx_word' id='word_1_14' title='bbox 2543 574 2711 617; x_wconf 91' lang='lat' dir='ltr'><strong>cum</strong></span> 
     </span>
     <span class='ocr_line' id='line_1_4' title="bbox 559 658 2713 745; baseline -0 -21"><span class='ocrx_word' id='word_1_15' title='bbox 559 660 823 725; x_wconf 90' lang='lat' dir='ltr'><strong>tunica</strong></span> <span class='ocrx_word' id='word_1_16' title='bbox 866 660 1083 744; x_wconf 89' lang='lat' dir='ltr'><strong>pulla</strong></span> <span class='ocrx_word' id='word_1_17' title='bbox 1130 662 1194 723; x_wconf 91' lang='lat' dir='ltr'><strong>et</strong></span> <span class='ocrx_word' id='word_1_18' title='bbox 1239 659 1456 745; x_wconf 88' lang='lat' dir='ltr'><strong>pallio.</strong></span> <span class='ocrx_word' id='word_1_19' title='bbox 1533 658 1702 736; x_wconf 80' lang='lat' dir='ltr'><strong>Quid</strong></span> <span class='ocrx_word' id='word_1_20' title='bbox 1747 658 1922 722; x_wconf 89' lang='lat' dir='ltr'><strong>hunc</strong></span> <span class='ocrx_word' id='word_1_21' title='bbox 1966 659 2508 743; x_wconf 89' lang='lat' dir='ltr'><strong>proficiscentem,</strong></span> <span class='ocrx_word' id='word_1_22' title='bbox 2556 660 2713 744; x_wconf 92' lang='lat' dir='ltr'><strong>quid</strong></span> 
     </span>
     <span class='ocr_line' id='line_1_5' title="bbox 559 755 2714 851; baseline 0 -20"><span class='ocrx_word' id='word_1_23' title='bbox 559 755 647 831; x_wconf 36' lang='lat' dir='ltr'><strong>in*</strong></span> <span class='ocrx_word' id='word_1_24' title='bbox 686 766 828 851; x_wconf 88' lang='lat' dir='ltr'><strong>ipsa</strong></span> <span class='ocrx_word' id='word_1_25' title='bbox 884 766 1218 850; x_wconf 78' lang='lat' dir='ltr'><strong>provincia</strong></span> <span class='ocrx_word' id='word_1_26' title='bbox 1276 765 1505 831; x_wconf 87' lang='lat' dir='ltr'><strong>fecisse</strong></span> <span class='ocrx_word' id='word_1_27' title='bbox 1565 765 1976 849; x_wconf 83' lang='lat' dir='ltr'><strong>existimatis,</strong></span> <span class='ocrx_word' id='word_1_28' title='bbox 2041 765 2153 850; x_wconf 91' lang='lat' dir='ltr'><strong>qui</strong></span> <span class='ocrx_word' id='word_1_29' title='bbox 2218 788 2363 830; x_wconf 88' lang='lat' dir='ltr'><strong>cum</strong></span> <span class='ocrx_word' id='word_1_30' title='bbox 2429 766 2560 831; x_wconf 91' lang='lat' dir='ltr'><strong>iam</strong></span> <span class='ocrx_word' id='word_1_31' title='bbox 2633 789 2714 831; x_wconf 83' lang='lat' dir='ltr'><strong>ex</strong></span> 
     </span>
     <span class='ocr_line' id='line_1_6' title="bbox 560 872 2715 957; baseline 0 -19"><span class='ocrx_word' id='word_1_32' title='bbox 560 874 891 957; x_wconf 83' lang='lat' dir='ltr'><strong>provincia</strong></span> <span class='ocrx_word' id='word_1_33' title='bbox 948 894 1083 937; x_wconf 93' lang='lat' dir='ltr'><strong>non</strong></span> <span class='ocrx_word' id='word_1_34' title='bbox 1151 873 1232 936; x_wconf 88' lang='lat' dir='ltr'><strong>ad</strong></span> <span class='ocrx_word' id='word_1_35' title='bbox 1306 872 1740 957; x_wconf 88' lang='lat' dir='ltr'><strong>triumphum,</strong></span> <span class='ocrx_word' id='word_1_36' title='bbox 1812 874 1923 937; x_wconf 85' lang='lat' dir='ltr'><strong>sed</strong></span> <span class='ocrx_word' id='word_1_37' title='bbox 1997 872 2077 937; x_wconf 92' lang='lat' dir='ltr'><strong>ad</strong></span> <span class='ocrx_word' id='word_1_38' title='bbox 2149 873 2463 939; x_wconf 87' lang='lat' dir='ltr'><strong>iudicium</strong></span> <span class='ocrx_word' id='word_1_39' title='bbox 2535 874 2715 938; x_wconf 88' lang='lat' dir='ltr'><strong>dece·</strong></span> 
     </span>
     <span class='ocr_line' id='line_1_7' title="bbox 563 978 2767 1066; baseline -0.001 -21"><span class='ocrx_word' id='word_1_40' title='bbox 563 981 766 1063; x_wconf 89' lang='lat' dir='ltr'><strong>deret,</strong></span> <span class='ocrx_word' id='word_1_41' title='bbox 836 1002 918 1044; x_wconf 89' lang='lat' dir='ltr'><strong>ne</strong></span> <span class='ocrx_word' id='word_1_42' title='bbox 980 980 1160 1044; x_wconf 90' lang='lat' dir='ltr'><strong>illam</strong></span> <span class='ocrx_word' id='word_1_43' title='bbox 1227 978 1486 1064; x_wconf 88' lang='lat' dir='ltr'><strong>quidem</strong></span> <span class='ocrx_word' id='word_1_44' title='bbox 1560 980 1893 1044; x_wconf 78' lang='lat' dir='ltr'><strong>infamiam</strong></span> <span class='ocrx_word' id='word_1_45' title='bbox 1967 979 2237 1066; x_wconf 85' lang='lat' dir='ltr'><strong>fugerit,</strong></span> <span class='ocrx_word' id='word_1_46' title='bbox 2309 1003 2502 1065; x_wconf 89' lang='lat' dir='ltr'><strong>quam</strong></span> <span class='ocrx_word' id='word_1_47' title='bbox 2575 981 2712 1045; x_wconf 88' lang='lat' dir='ltr'><strong>sine</strong></span> <span class='ocrx_word' id='word_1_48' title='bbox 2742 1001 2767 1041; x_wconf 78' lang='lat'><strong>5</strong></span> 
     </span>
     <span class='ocr_line' id='line_1_8' title="bbox 561 1086 2713 1173; baseline 0 -20"><span class='ocrx_word' id='word_1_49' title='bbox 561 1089 695 1153; x_wconf 88' lang='lat' dir='ltr'><strong>ulla</strong></span> <span class='ocrx_word' id='word_1_50' title='bbox 751 1089 1086 1173; x_wconf 78' lang='lat' dir='ltr'><strong>voluptate</strong></span> <span class='ocrx_word' id='word_1_51' title='bbox 1150 1086 1487 1171; x_wconf 81' lang='lat' dir='ltr'><strong>capiebat?</strong></span> <span class='ocrx_word' id='word_1_52' title='bbox 1578 1086 1633 1151; x_wconf 90' lang='lat' dir='ltr'>O</span> <span class='ocrx_word' id='word_1_53' title='bbox 1695 1087 1912 1153; x_wconf 83' lang='lat' dir='ltr'><strong>divina</strong></span> <span class='ocrx_word' id='word_1_54' title='bbox 1972 1092 2283 1153; x_wconf 87' lang='lat' dir='ltr'><strong>senatus</strong></span> <span class='ocrx_word' id='word_1_55' title='bbox 2357 1088 2713 1172; x_wconf 83' lang='lat' dir='ltr'><strong>frequentis</strong></span> 
     </span>
     <span class='ocr_line' id='line_1_9' title="bbox 563 1194 2714 1278; baseline 0 -20"><span class='ocrx_word' id='word_1_56' title='bbox 563 1195 639 1259; x_wconf 89' lang='lat' dir='ltr'><strong>in</strong></span> <span class='ocrx_word' id='word_1_57' title='bbox 697 1196 876 1260; x_wconf 89' lang='lat' dir='ltr'><strong>aede</strong></span> <span class='ocrx_word' id='word_1_58' title='bbox 935 1194 1304 1261; x_wconf 74' lang='lat' dir='ltr'>Bellonae</span> <span class='ocrx_word' id='word_1_59' title='bbox 1364 1194 1999 1259; x_wconf 76' lang='lat' dir='ltr'><strong>admurmuratio!</strong></span> <span class='ocrx_word' id='word_1_60' title='bbox 2087 1195 2403 1260; x_wconf 90' lang='lat' dir='ltr'><strong>Memoria</strong></span> <span class='ocrx_word' id='word_1_61' title='bbox 2460 1196 2714 1278; x_wconf 87' lang='lat' dir='ltr'><strong>tenetis,</strong></span> 
     </span>
     <span class='ocr_line' id='line_1_10' title="bbox 561 1287 2715 1386; baseline 0 -20"><span class='ocrx_word' id='word_1_62' title='bbox 561 1302 831 1386; x_wconf 88' lang='lat' dir='ltr'><strong>iudices,</strong></span> <span class='ocrx_word' id='word_1_63' title='bbox 886 1324 1033 1366; x_wconf 89' lang='lat' dir='ltr'><strong>cum</strong></span> <span class='ocrx_word' id='word_1_64' title='bbox 1090 1302 1647 1385; x_wconf 78' lang='lat' dir='ltr'><strong>advesperasceret</strong></span> <span class='ocrx_word' id='word_1_65' title='bbox 1702 1305 1767 1365; x_wconf 90' lang='lat' dir='ltr'><strong>et</strong></span> <span class='ocrx_word' id='word_1_66' title='bbox 1811 1302 2006 1386; x_wconf 89' lang='lat' dir='ltr'><strong>paulo</strong></span> <span class='ocrx_word' id='word_1_67' title='bbox 2056 1306 2204 1366; x_wconf 89' lang='lat' dir='ltr'><strong>ante</strong></span> <span class='ocrx_word' id='word_1_68' title='bbox 2253 1287 2441 1367; x_wconf 32' lang='lat' dir='ltr'><strong>esset*</strong></span> <span class='ocrx_word' id='word_1_69' title='bbox 2466 1303 2544 1366; x_wconf 91' lang='lat' dir='ltr'><strong>de</strong></span> <span class='ocrx_word' id='word_1_70' title='bbox 2589 1303 2715 1367; x_wconf 86' lang='lat' dir='ltr'><strong>hoc</strong></span> 
     </span>
     <span class='ocr_line' id='line_1_11' title="bbox 562 1408 2716 1493; baseline 0 -20"><span class='ocrx_word' id='word_1_71' title='bbox 562 1409 923 1493; x_wconf 78' lang='lat' dir='ltr'><strong>Tempsano</strong></span> <span class='ocrx_word' id='word_1_72' title='bbox 969 1408 1380 1473; x_wconf 88' lang='lat' dir='ltr'><strong>incommodo</strong></span> <span class='ocrx_word' id='word_1_73' title='bbox 1427 1408 1827 1491; x_wconf 85' lang='lat' dir='ltr'><strong>nuntiatum,</strong></span> <span class='ocrx_word' id='word_1_74' title='bbox 1874 1430 2020 1474; x_wconf 91' lang='lat' dir='ltr'><strong>cum</strong></span> <span class='ocrx_word' id='word_1_75' title='bbox 2068 1409 2463 1476; x_wconf 78' lang='lat' dir='ltr'><strong>inveniretur</strong></span> <span class='ocrx_word' id='word_1_76' title='bbox 2504 1431 2716 1491; x_wconf 89' lang='lat' dir='ltr'><strong>nemo,</strong></span> 
     </span>
     <span class='ocr_line' id='line_1_12' title="bbox 563 1515 2798 1601; baseline 0.003 -22"><span class='ocrx_word' id='word_1_77' title='bbox 563 1516 675 1601; x_wconf 91' lang='lat' dir='ltr'><strong>qui</strong></span> <span class='ocrx_word' id='word_1_78' title='bbox 720 1516 789 1580; x_wconf 90' lang='lat' dir='ltr'><strong>in</strong></span> <span class='ocrx_word' id='word_1_79' title='bbox 832 1516 946 1580; x_wconf 89' lang='lat' dir='ltr'><strong>illa</strong></span> <span class='ocrx_word' id='word_1_80' title='bbox 987 1517 1133 1581; x_wconf 87' lang='lat' dir='ltr'><strong>loca</strong></span> <span class='ocrx_word' id='word_1_81' title='bbox 1180 1537 1328 1581; x_wconf 91' lang='lat' dir='ltr'><strong>cum</strong></span> <span class='ocrx_word' id='word_1_82' title='bbox 1372 1516 1644 1599; x_wconf 91' lang='lat' dir='ltr'><strong>imperio</strong></span> <span class='ocrx_word' id='word_1_83' title='bbox 1692 1515 2085 1600; x_wconf 84' lang='lat' dir='ltr'><strong>mitteretur,</strong></span> <span class='ocrx_word' id='word_1_84' title='bbox 2130 1516 2522 1600; x_wconf 71' lang='lat' dir='ltr'><strong>dixissetque</strong></span> <span class='ocrx_word' id='word_1_85' title='bbox 2579 1515 2714 1599; x_wconf 88' lang='lat' dir='ltr'><strong>qui-</strong></span> <span class='ocrx_word' id='word_1_86' title='bbox 2745 1545 2798 1584; x_wconf 86' lang='lat'><strong>10</strong></span> 
     </span>
     <span class='ocr_line' id='line_1_13' title="bbox 564 1622 2715 1708; baseline -0.001 -20"><span class='ocrx_word' id='word_1_87' title='bbox 564 1623 709 1688; x_wconf 89' lang='lat' dir='ltr'><strong>dam</strong></span> <span class='ocrx_word' id='word_1_88' title='bbox 755 1622 1025 1689; x_wconf 88' lang='lat' dir='ltr'><strong>Verrem</strong></span> <span class='ocrx_word' id='word_1_89' title='bbox 1089 1644 1226 1687; x_wconf 90' lang='lat' dir='ltr'><strong>esse</strong></span> <span class='ocrx_word' id='word_1_90' title='bbox 1287 1645 1422 1687; x_wconf 90' lang='lat' dir='ltr'><strong>non</strong></span> <span class='ocrx_word' id='word_1_91' title='bbox 1483 1624 1680 1708; x_wconf 86' lang='lat' dir='ltr'><strong>longe</strong></span> <span class='ocrx_word' id='word_1_92' title='bbox 1745 1645 1782 1686; x_wconf 88' lang='lat' dir='ltr'><strong>a</strong></span> <span class='ocrx_word' id='word_1_93' title='bbox 1841 1622 2146 1707; x_wconf 86' lang='lat' dir='ltr'><strong>Tempsa,</strong></span> <span class='ocrx_word' id='word_1_94' title='bbox 2210 1645 2431 1708; x_wconf 91' lang='lat' dir='ltr'><strong>quam</strong></span> <span class='ocrx_word' id='word_1_95' title='bbox 2493 1622 2715 1687; x_wconf 78' lang='lat' dir='ltr'><strong>valde</strong></span> 
     </span>
     <span class='ocr_line' id='line_1_14' title="bbox 561 1729 2714 1814; baseline -0 -20"><span class='ocrx_word' id='word_1_96' title='bbox 561 1730 909 1795; x_wconf 78' lang='lat' dir='ltr'><strong>universi</strong></span> <span class='ocrx_word' id='word_1_97' title='bbox 991 1729 1768 1812; x_wconf 77' lang='lat' dir='ltr'><strong>admurmuraverint,</strong></span> <span class='ocrx_word' id='word_1_98' title='bbox 1842 1751 2035 1813; x_wconf 90' lang='lat' dir='ltr'><strong>quam</strong></span> <span class='ocrx_word' id='word_1_99' title='bbox 2108 1732 2321 1813; x_wconf 88' lang='lat' dir='ltr'><strong>palam</strong></span> <span class='ocrx_word' id='word_1_100' title='bbox 2393 1731 2714 1814; x_wconf 80' lang='lat' dir='ltr'><strong>principes</strong></span> 
     </span>
     <span class='ocr_line' id='line_1_15' title="bbox 564 1836 2714 1919; baseline -0 -20"><span class='ocrx_word' id='word_1_101' title='bbox 564 1836 841 1899; x_wconf 83' lang='lat' dir='ltr'><strong>dixerint</strong></span> <span class='ocrx_word' id='word_1_102' title='bbox 905 1841 1144 1900; x_wconf 89' lang='lat' dir='ltr'><strong>contra.</strong></span> <span class='ocrx_word' id='word_1_103' title='bbox 1236 1836 1325 1899; x_wconf 86' lang='lat' dir='ltr'><strong>Et</strong></span> <span class='ocrx_word' id='word_1_104' title='bbox 1397 1836 1499 1898; x_wconf 89' lang='lat' dir='ltr'><strong>his</strong></span> <span class='ocrx_word' id='word_1_105' title='bbox 1572 1839 1675 1898; x_wconf 89' lang='lat' dir='ltr'><strong>tot</strong></span> <span class='ocrx_word' id='word_1_106' title='bbox 1749 1836 2124 1899; x_wconf 79' lang='lat' dir='ltr'><strong>criminibus</strong></span> <span class='ocrx_word' id='word_1_107' title='bbox 2199 1837 2714 1919; x_wconf 83' lang='lat' dir='ltr'><strong>testimoniisque</strong></span> 
     </span>
     <span class='ocr_line' id='line_1_16' title="bbox 563 1921 2714 2025; baseline -0.001 -19"><span class='ocrx_word' id='word_1_108' title='bbox 563 1941 896 2006; x_wconf 82' lang='lat' dir='ltr'><strong>convictus</strong></span> <span class='ocrx_word' id='word_1_109' title='bbox 969 1941 1040 2005; x_wconf 90' lang='lat' dir='ltr'><strong>in</strong></span> <span class='ocrx_word' id='word_1_110' title='bbox 1113 1963 1334 2020; x_wconf 69' lang='lat' dir='ltr'><strong>eorum</strong></span> <span class='ocrx_word' id='word_1_111' title='bbox 1405 1921 1651 2004; x_wconf 87' lang='lat' dir='ltr'><strong>tabella</strong></span> <span class='ocrx_word' id='word_1_112' title='bbox 1723 1927 1912 2023; x_wconf 32' lang='lat' dir='ltr'><strong>*spem</strong></span> <span class='ocrx_word' id='word_1_113' title='bbox 1996 1941 2122 2005; x_wconf 90' lang='lat' dir='ltr'><strong>sibi</strong></span> <span class='ocrx_word' id='word_1_114' title='bbox 2205 1943 2487 2025; x_wconf 89' lang='lat' dir='ltr'><strong>aliquam</strong></span> <span class='ocrx_word' id='word_1_115' title='bbox 2568 1962 2714 2023; x_wconf 88' lang='lat' dir='ltr'><strong>pro-</strong></span> 
     </span>
     <span class='ocr_line' id='line_1_17' title="bbox 562 2047 2797 2132; baseline 0.002 -20"><span class='ocrx_word' id='word_1_116' title='bbox 562 2048 775 2131; x_wconf 90' lang='lat' dir='ltr'><strong>ponit,</strong></span> <span class='ocrx_word' id='word_1_117' title='bbox 821 2068 1098 2132; x_wconf 90' lang='lat' dir='ltr'><strong>quorum</strong></span> <span class='ocrx_word' id='word_1_118' title='bbox 1145 2047 1435 2112; x_wconf 89' lang='lat' dir='ltr'><strong>omnium</strong></span> <span class='ocrx_word' id='word_1_119' title='bbox 1479 2049 1697 2132; x_wconf 89' lang='lat' dir='ltr'><strong>palam</strong></span> <span class='ocrx_word' id='word_1_120' title='bbox 1744 2068 1936 2113; x_wconf 88' lang='lat' dir='ltr'><strong>causa</strong></span> <span class='ocrx_word' id='word_1_121' title='bbox 1979 2047 2311 2132; x_wconf 86' lang='lat' dir='ltr'><strong>incognita</strong></span> <span class='ocrx_word' id='word_1_122' title='bbox 2345 2069 2504 2113; x_wconf 80' lang='lat' dir='ltr'><strong>voce</strong></span> <span class='ocrx_word' id='word_1_123' title='bbox 2542 2049 2715 2111; x_wconf 91' lang='lat' dir='ltr'><strong>dam·</strong></span> <span class='ocrx_word' id='word_1_124' title='bbox 2746 2076 2797 2116; x_wconf 68' lang='grc' dir='ltr'><strong>ιε</strong></span> 
     </span>
    </p>
   </div>
   <div class='ocr_carea' id='block_1_4' title="bbox 388 2137 941 2219">
    <p class='ocr_par' dir='ltr' id='par_1_4' title="bbox 388 2137 941 2219">
     <span class='ocr_line' id='line_1_18' title="bbox 388 2137 941 2219; baseline 0.002 -1"><span class='ocrx_word' id='word_1_125' title='bbox 388 2137 397 2144; x_wconf 46' lang='grc'><strong><em>’</em></strong></span> <span class='ocrx_word' id='word_1_126' title='bbox 451 2152 492 2174; x_wconf 77' lang='grc'>”</span> <span class='ocrx_word' id='word_1_127' title='bbox 563 2158 753 2219; x_wconf 89' lang='lat' dir='ltr'><strong>natus</strong></span> <span class='ocrx_word' id='word_1_128' title='bbox 801 2155 941 2219; x_wconf 82' lang='lat' dir='ltr'><strong>est?</strong></span> 
     </span>
    </p>
   </div>
   <div class='ocr_carea' id='block_1_5' title="bbox 457 2282 526 2329">
    <p class='ocr_par' dir='ltr' id='par_1_5' title="bbox 457 2282 526 2329">
     <span class='ocr_line' id='line_1_19' title="bbox 457 2282 526 2329; baseline 0 0"><span class='ocrx_word' id='word_1_129' title='bbox 457 2282 526 2329; x_wconf 83' lang='lat'><strong>42</strong></span> 
     </span>
    </p>
   </div>
   <div class='ocr_carea' id='block_1_6' title="bbox 468 3563 536 3612">
    <p class='ocr_par' dir='ltr' id='par_1_6' title="bbox 468 3563 536 3612">
     <span class='ocr_line' id='line_1_20' title="bbox 468 3563 536 3612; baseline 0.015 -1"><span class='ocrx_word' id='word_1_130' title='bbox 468 3563 536 3612; x_wconf 83' lang='lat'><strong>43</strong></span> 
     </span>
    </p>
   </div>
   <div class='ocr_carea' id='block_1_7' title="bbox 563 2260 2800 3308">
    <p class='ocr_par' dir='ltr' id='par_1_7' title="bbox 563 2260 2800 3308">
     <span class='ocr_line' id='line_1_21' title="bbox 742 2260 2720 2348; baseline 0 -23"><span class='ocrx_word' id='word_1_131' title='bbox 742 2261 933 2345; x_wconf 85' lang='lat' dir='ltr'><strong>Esto,</strong></span> <span class='ocrx_word' id='word_1_132' title='bbox 977 2262 1142 2327; x_wconf 88' lang='lat' dir='ltr'><strong>nihil</strong></span> <span class='ocrx_word' id='word_1_133' title='bbox 1188 2284 1269 2327; x_wconf 86' lang='lat' dir='ltr'><strong>ex</strong></span> <span class='ocrx_word' id='word_1_134' title='bbox 1311 2262 1739 2348; x_wconf 82' lang='lat' dir='ltr'><strong>fugitivorum</strong></span> <span class='ocrx_word' id='word_1_135' title='bbox 1785 2262 1957 2326; x_wconf 91' lang='lat' dir='ltr'><strong>bello</strong></span> <span class='ocrx_word' id='word_1_136' title='bbox 2006 2265 2117 2325; x_wconf 90' lang='lat' dir='ltr'><strong>aut</strong></span> <span class='ocrx_word' id='word_1_137' title='bbox 2153 2260 2527 2345; x_wconf 83' lang='lat' dir='ltr'><strong>&#39;suspicione</strong></span> <span class='ocrx_word' id='word_1_138' title='bbox 2564 2261 2720 2326; x_wconf 91' lang='lat' dir='ltr'><strong>belli</strong></span> 
     </span>
     <span class='ocr_line' id='line_1_22' title="bbox 563 2368 2720 2455; baseline 0 -21"><span class='ocrx_word' id='word_1_139' title='bbox 563 2370 772 2434; x_wconf 90' lang='lat' dir='ltr'><strong>laudis</strong></span> <span class='ocrx_word' id='word_1_140' title='bbox 827 2368 1095 2453; x_wconf 83' lang='lat' dir='ltr'><strong>adeptus</strong></span> <span class='ocrx_word' id='word_1_141' title='bbox 1153 2373 1279 2454; x_wconf 86' lang='lat' dir='ltr'><strong>est,</strong></span> <span class='ocrx_word' id='word_1_142' title='bbox 1339 2369 1512 2455; x_wconf 93' lang='lat' dir='ltr'><strong>quod</strong></span> <span class='ocrx_word' id='word_1_143' title='bbox 1557 2390 1769 2453; x_wconf 90' lang='lat' dir='ltr'><strong>neque</strong></span> <span class='ocrx_word' id='word_1_144' title='bbox 1815 2369 2059 2434; x_wconf 89' lang='lat' dir='ltr'><strong>bellum</strong></span> <span class='ocrx_word' id='word_1_145' title='bbox 2108 2368 2243 2434; x_wconf 89' lang='lat' dir='ltr'><strong>eius</strong></span> <span class='ocrx_word' id='word_1_146' title='bbox 2290 2368 2466 2434; x_wconf 93' lang='lat' dir='ltr'><strong>modi</strong></span> <span class='ocrx_word' id='word_1_147' title='bbox 2511 2391 2720 2452; x_wconf 90' lang='lat' dir='ltr'><strong>neque</strong></span> 
     </span>
     <span class='ocr_line' id='line_1_23' title="bbox 566 2475 2717 2562; baseline -0.001 -20"><span class='ocrx_word' id='word_1_148' title='bbox 566 2477 721 2542; x_wconf 91' lang='lat' dir='ltr'><strong>belli</strong></span> <span class='ocrx_word' id='word_1_149' title='bbox 783 2477 1141 2561; x_wconf 88' lang='lat' dir='ltr'><strong>periculum</strong></span> <span class='ocrx_word' id='word_1_150' title='bbox 1204 2477 1330 2541; x_wconf 90' lang='lat' dir='ltr'><strong>fuit</strong></span> <span class='ocrx_word' id='word_1_151' title='bbox 1392 2477 1462 2541; x_wconf 91' lang='lat' dir='ltr'><strong>in</strong></span> <span class='ocrx_word' id='word_1_152' title='bbox 1527 2475 1749 2541; x_wconf 83' lang='lat' dir='ltr'><strong>Sicilia</strong></span> <span class='ocrx_word' id='word_1_153' title='bbox 1803 2499 2011 2560; x_wconf 90' lang='lat' dir='ltr'><strong>neque</strong></span> <span class='ocrx_word' id='word_1_154' title='bbox 2067 2477 2147 2541; x_wconf 90' lang='lat' dir='ltr'><strong>ab</strong></span> <span class='ocrx_word' id='word_1_155' title='bbox 2203 2477 2330 2541; x_wconf 90' lang='lat' dir='ltr'><strong>isto</strong></span> <span class='ocrx_word' id='word_1_156' title='bbox 2385 2477 2717 2562; x_wconf 78' lang='lat' dir='ltr'><strong>provisum</strong></span> 
     </span>
     <span class='ocr_line' id='line_1_24' title="bbox 568 2582 2800 2667; baseline -0.001 -20"><span class='ocrx_word' id='word_1_157' title='bbox 568 2589 692 2667; x_wconf 90' lang='lat' dir='ltr'><strong>est,</strong></span> <span class='ocrx_word' id='word_1_158' title='bbox 727 2606 808 2647; x_wconf 92' lang='lat' dir='ltr'><strong>ne</strong></span> <span class='ocrx_word' id='word_1_159' title='bbox 847 2583 1018 2667; x_wconf 89' lang='lat' dir='ltr'><strong>quod</strong></span> <span class='ocrx_word' id='word_1_160' title='bbox 1057 2588 1250 2667; x_wconf 84' lang='lat' dir='ltr'><strong>esset3</strong></span> <span class='ocrx_word' id='word_1_161' title='bbox 1297 2587 1363 2647; x_wconf 91' lang='lat' dir='ltr'><strong>at</strong></span> <span class='ocrx_word' id='word_1_162' title='bbox 1398 2605 1550 2648; x_wconf 87' lang='lat' dir='ltr'><strong>vero</strong></span> <span class='ocrx_word' id='word_1_163' title='bbox 1601 2587 1866 2647; x_wconf 86' lang='lat' dir='ltr'><strong>contra</strong></span> <span class='ocrx_word' id='word_1_164' title='bbox 1911 2584 2200 2648; x_wconf 92' lang='lat' dir='ltr'><strong>bellum</strong></span> <span class='ocrx_word' id='word_1_165' title='bbox 2246 2582 2718 2667; x_wconf 89' lang='lat' dir='ltr'><strong>praedonum</strong></span> <span class='ocrx_word' id='word_1_166' title='bbox 2748 2603 2800 2645; x_wconf 61' lang='grc' dir='ltr'><strong>πο</strong></span> 
     </span>
     <span class='ocr_line' id='line_1_25' title="bbox 568 2690 2721 2776; baseline -0 -20"><span class='ocrx_word' id='word_1_167' title='bbox 568 2693 891 2756; x_wconf 86' lang='lat' dir='ltr'><strong>classem</strong></span> <span class='ocrx_word' id='word_1_168' title='bbox 949 2691 1222 2755; x_wconf 86' lang='lat' dir='ltr'><strong>habuit</strong></span> <span class='ocrx_word' id='word_1_169' title='bbox 1283 2694 1627 2754; x_wconf 87' lang='lat' dir='ltr'><strong>ornatam</strong></span> <span class='ocrx_word' id='word_1_170' title='bbox 1690 2690 2218 2775; x_wconf 83' lang='lat' dir='ltr'><strong>diligentiamque</strong></span> <span class='ocrx_word' id='word_1_171' title='bbox 2265 2691 2336 2754; x_wconf 91' lang='lat' dir='ltr'><strong>in</strong></span> <span class='ocrx_word' id='word_1_172' title='bbox 2380 2712 2456 2756; x_wconf 92' lang='lat' dir='ltr'><strong>eo</strong></span> <span class='ocrx_word' id='word_1_173' title='bbox 2505 2691 2721 2776; x_wconf 86' lang='lat' dir='ltr'><strong>singu·</strong></span> 
     </span>
     <span class='ocr_line' id='line_1_26' title="bbox 567 2796 2720 2882; baseline -0 -20"><span class='ocrx_word' id='word_1_174' title='bbox 567 2801 797 2881; x_wconf 91' lang='lat' dir='ltr'><strong>larem,</strong></span> <span class='ocrx_word' id='word_1_175' title='bbox 855 2797 1075 2881; x_wconf 89' lang='lat' dir='ltr'><strong>itaque</strong></span> <span class='ocrx_word' id='word_1_176' title='bbox 1135 2797 1226 2862; x_wconf 89' lang='lat' dir='ltr'><strong>ab</strong></span> <span class='ocrx_word' id='word_1_177' title='bbox 1285 2797 1439 2861; x_wconf 90' lang='lat' dir='ltr'><strong>isto</strong></span> <span class='ocrx_word' id='word_1_178' title='bbox 1495 2798 1891 2881; x_wconf 89' lang='lat' dir='ltr'><strong>praeclare</strong></span> <span class='ocrx_word' id='word_1_179' title='bbox 1951 2796 2265 2863; x_wconf 86' lang='lat' dir='ltr'><strong>defensa</strong></span> <span class='ocrx_word' id='word_1_180' title='bbox 2317 2799 2720 2882; x_wconf 78' lang='lat' dir='ltr'><strong>provincia</strong></span> 
     </span>
     <span class='ocr_line' id='line_1_27' title="bbox 571 2890 2720 2987; baseline -0.001 -16"><span class='ocrx_word' id='word_1_181' title='bbox 571 2909 702 2971; x_wconf 91' lang='lat' dir='ltr'><strong>est.</strong></span> <span class='ocrx_word' id='word_1_182' title='bbox 796 2902 902 2970; x_wconf 85' lang='lat' dir='ltr'><strong>Sic</strong></span> <span class='ocrx_word' id='word_1_183' title='bbox 963 2890 1042 2969; x_wconf 87' lang='lat' dir='ltr'><strong>de</strong></span> <span class='ocrx_word' id='word_1_184' title='bbox 1100 2904 1272 2969; x_wconf 90' lang='lat' dir='ltr'><strong>bello</strong></span> <span class='ocrx_word' id='word_1_185' title='bbox 1331 2904 1759 2987; x_wconf 91' lang='lat' dir='ltr'><strong>praedonum,</strong></span> <span class='ocrx_word' id='word_1_186' title='bbox 1818 2903 1911 2968; x_wconf 88' lang='lat' dir='ltr'><strong>sic</strong></span> <span class='ocrx_word' id='word_1_187' title='bbox 1970 2904 2049 2968; x_wconf 92' lang='lat' dir='ltr'><strong>de</strong></span> <span class='ocrx_word' id='word_1_188' title='bbox 2115 2906 2317 2978; x_wconf 82' lang='lat' dir='ltr'><strong>classe</strong></span> <span class='ocrx_word' id='word_1_189' title='bbox 2383 2904 2720 2987; x_wconf 84' lang='lat' dir='ltr'><strong>Siciliensi,</strong></span> 
     </span>
     <span class='ocr_line' id='line_1_28' title="bbox 571 3010 2719 3096; baseline -0.002 -18"><span class='ocrx_word' id='word_1_190' title='bbox 571 3013 841 3096; x_wconf 86' lang='lat' dir='ltr'><strong>iudices,</strong></span> <span class='ocrx_word' id='word_1_191' title='bbox 895 3012 1131 3095; x_wconf 87' lang='lat' dir='ltr'><strong>dicam,</strong></span> <span class='ocrx_word' id='word_1_192' title='bbox 1184 3014 1259 3075; x_wconf 92' lang='lat' dir='ltr'><strong>ut</strong></span> <span class='ocrx_word' id='word_1_193' title='bbox 1303 3010 1430 3076; x_wconf 89' lang='lat' dir='ltr'><strong>hoc</strong></span> <span class='ocrx_word' id='word_1_194' title='bbox 1475 3012 1605 3075; x_wconf 87' lang='lat' dir='ltr'><strong>iam</strong></span> <span class='ocrx_word' id='word_1_195' title='bbox 1653 3014 1801 3075; x_wconf 89' lang='lat' dir='ltr'><strong>ante</strong></span> <span class='ocrx_word' id='word_1_196' title='bbox 1848 3011 2252 3094; x_wconf 87' lang='lat' dir='ltr'><strong>confirmem,</strong></span> <span class='ocrx_word' id='word_1_197' title='bbox 2305 3012 2375 3074; x_wconf 90' lang='lat' dir='ltr'><strong>in</strong></span> <span class='ocrx_word' id='word_1_198' title='bbox 2418 3011 2543 3076; x_wconf 89' lang='lat' dir='ltr'><strong>hoc</strong></span> <span class='ocrx_word' id='word_1_199' title='bbox 2588 3033 2719 3075; x_wconf 91' lang='lat' dir='ltr'><strong>uno</strong></span> 
     </span>
     <span class='ocr_line' id='line_1_29' title="bbox 572 3117 2799 3206; baseline 0.001 -22"><span class='ocrx_word' id='word_1_200' title='bbox 572 3143 803 3206; x_wconf 85' lang='lat' dir='ltr'><strong>genere</strong></span> <span class='ocrx_word' id='word_1_201' title='bbox 858 3119 1066 3185; x_wconf 87' lang='lat' dir='ltr'><strong>omnis</strong></span> <span class='ocrx_word' id='word_1_202' title='bbox 1126 3118 1336 3183; x_wconf 86' lang='lat' dir='ltr'><strong>inesse</strong></span> <span class='ocrx_word' id='word_1_203' title='bbox 1396 3120 1618 3202; x_wconf 88' lang='lat' dir='ltr'><strong>culpas</strong></span> <span class='ocrx_word' id='word_1_204' title='bbox 1682 3118 1870 3181; x_wconf 90' lang='lat' dir='ltr'><strong>istius</strong></span> <span class='ocrx_word' id='word_1_205' title='bbox 1936 3118 2246 3182; x_wconf 84' lang='lat' dir='ltr'><strong>maximas</strong></span> <span class='ocrx_word' id='word_1_206' title='bbox 2313 3117 2718 3200; x_wconf 86' lang='lat' dir='ltr'><strong>avaritiae,</strong></span> <span class='ocrx_word' id='word_1_207' title='bbox 2746 3147 2799 3186; x_wconf 73' lang='lat'><strong>25</strong></span> 
     </span>
     <span class='ocr_line' id='line_1_30' title="bbox 572 3222 2721 3308; baseline -0.002 -17"><span class='ocrx_word' id='word_1_208' title='bbox 572 3227 1030 3308; x_wconf 84' lang='lat' dir='ltr'><strong>maiestatis,</strong></span> <span class='ocrx_word' id='word_1_209' title='bbox 1069 3225 1524 3308; x_wconf 89' lang='lat' dir='ltr'><strong>dementiae,</strong></span> <span class='ocrx_word' id='word_1_210' title='bbox 1558 3224 1948 3307; x_wconf 87' lang='lat' dir='ltr'><strong>libidinis,</strong></span> <span class='ocrx_word' id='word_1_211' title='bbox 1986 3223 2496 3289; x_wconf 90' lang='lat' dir='ltr'><strong>crudelitatis.</strong></span> <span class='ocrx_word' id='word_1_212' title='bbox 2543 3222 2721 3288; x_wconf 88' lang='lat' dir='ltr'><strong>Haec</strong></span> 
     </span>
    </p>
   </div>
   <div class='ocr_carea' id='block_1_8' title="bbox 574 3331 2723 3502">
    <p class='ocr_par' dir='ltr' id='par_1_8' title="bbox 574 3331 2723 3502">
     <span class='ocr_line' id='line_1_31' title="bbox 574 3331 2723 3416; baseline -0 -21"><span class='ocrx_word' id='word_1_213' title='bbox 574 3333 728 3395; x_wconf 92' lang='lat' dir='ltr'><strong>dum</strong></span> <span class='ocrx_word' id='word_1_214' title='bbox 766 3332 1045 3395; x_wconf 82' lang='lat' dir='ltr'><strong>breviter</strong></span> <span class='ocrx_word' id='word_1_215' title='bbox 1081 3352 1361 3415; x_wconf 83' lang='lat' dir='ltr'><strong>expon0,</strong></span> <span class='ocrx_word' id='word_1_216' title='bbox 1400 3353 1665 3415; x_wconf 77' lang='lat' dir='ltr'><strong>quaeSO,</strong></span> <span class='ocrx_word' id='word_1_217' title='bbox 1702 3335 1776 3395; x_wconf 91' lang='lat' dir='ltr'><strong>ut</strong></span> <span class='ocrx_word' id='word_1_218' title='bbox 1812 3331 2056 3396; x_wconf 89' lang='lat' dir='ltr'><strong>fecistis</strong></span> <span class='ocrx_word' id='word_1_219' title='bbox 2100 3331 2335 3416; x_wconf 89' lang='lat' dir='ltr'><strong>adhuc,</strong></span> <span class='ocrx_word' id='word_1_220' title='bbox 2383 3331 2723 3416; x_wconf 88' lang='lat' dir='ltr'><strong>diligenter</strong></span> 
     </span>
     <span class='ocr_line' id='line_1_32' title="bbox 577 3437 918 3502; baseline 0 0"><span class='ocrx_word' id='word_1_221' title='bbox 577 3437 918 3502; x_wconf 88' lang='lat' dir='ltr'><strong>adtendite.</strong></span> 
     </span>
    </p>
   </div>
   <div class='ocr_carea' id='block_1_9' title="bbox 575 3543 2808 4272">
    <p class='ocr_par' dir='ltr' id='par_1_9' title="bbox 575 3543 2808 4272">
     <span class='ocr_line' id='line_1_33' title="bbox 753 3543 2723 3629; baseline -0.001 -20"><span class='ocrx_word' id='word_1_222' title='bbox 753 3544 932 3610; x_wconf 88' lang='lat' dir='ltr'><strong>Rem</strong></span> <span class='ocrx_word' id='word_1_223' title='bbox 978 3546 1324 3609; x_wconf 78' lang='lat' dir='ltr'><strong>navalem</strong></span> <span class='ocrx_word' id='word_1_224' title='bbox 1362 3547 1644 3629; x_wconf 90' lang='lat' dir='ltr'><strong>primum</strong></span> <span class='ocrx_word' id='word_1_225' title='bbox 1681 3545 1793 3609; x_wconf 91' lang='lat' dir='ltr'><strong>ita</strong></span> <span class='ocrx_word' id='word_1_226' title='bbox 1830 3543 1972 3609; x_wconf 88' lang='lat' dir='ltr'><strong>dico</strong></span> <span class='ocrx_word' id='word_1_227' title='bbox 2022 3564 2185 3608; x_wconf 89' lang='lat' dir='ltr'><strong>esse</strong></span> <span class='ocrx_word' id='word_1_228' title='bbox 2233 3543 2723 3607; x_wconf 88' lang='lat' dir='ltr'><strong>administra-</strong></span> 
     </span>
     <span class='ocr_line' id='line_1_34' title="bbox 575 3650 2808 3737; baseline -0.003 -19"><span class='ocrx_word' id='word_1_229' title='bbox 575 3658 755 3737; x_wconf 88' lang='lat' dir='ltr'><strong>tam,</strong></span> <span class='ocrx_word' id='word_1_230' title='bbox 811 3675 944 3717; x_wconf 90' lang='lat' dir='ltr'><strong>non</strong></span> <span class='ocrx_word' id='word_1_231' title='bbox 1001 3652 1100 3716; x_wconf 88' lang='lat' dir='ltr'><strong>uti</strong></span> <span class='ocrx_word' id='word_1_232' title='bbox 1160 3653 1492 3736; x_wconf 85' lang='lat' dir='ltr'><strong>provincia</strong></span> <span class='ocrx_word' id='word_1_233' title='bbox 1556 3652 2028 3735; x_wconf 89' lang='lat' dir='ltr'><strong>defenderetur,</strong></span> <span class='ocrx_word' id='word_1_234' title='bbox 2092 3650 2201 3715; x_wconf 89' lang='lat' dir='ltr'><strong>sed</strong></span> <span class='ocrx_word' id='word_1_235' title='bbox 2266 3651 2382 3715; x_wconf 92' lang='lat' dir='ltr'><strong>uti</strong></span> <span class='ocrx_word' id='word_1_236' title='bbox 2448 3652 2719 3715; x_wconf 89' lang='lat' dir='ltr'><strong>classis</strong></span> <span class='ocrx_word' id='word_1_237' title='bbox 2750 3670 2808 3710; x_wconf 76' lang='lat'><strong>80</strong></span> 
     </span>
     <span class='ocr_line' id='line_1_35' title="bbox 575 3755 2725 3842; baseline -0.001 -18"><span class='ocrx_word' id='word_1_238' title='bbox 575 3759 877 3824; x_wconf 86' lang='lat' dir='ltr'><strong>nomine</strong></span> <span class='ocrx_word' id='word_1_239' title='bbox 922 3759 1247 3842; x_wconf 87' lang='lat' dir='ltr'><strong>pecunia</strong></span> <span class='ocrx_word' id='word_1_240' title='bbox 1294 3762 1813 3842; x_wconf 91' lang='lat' dir='ltr'><strong>quaereretur.</strong></span> <span class='ocrx_word' id='word_1_241' title='bbox 1890 3755 2309 3842; x_wconf 85' lang='lat' dir='ltr'><strong>Superiorum</strong></span> <span class='ocrx_word' id='word_1_242' title='bbox 2353 3761 2725 3842; x_wconf 81' lang='lat' dir='ltr'><strong>praetorum</strong></span> 
     </span>
     <span class='ocr_line' id='line_1_36' title="bbox 579 3865 2724 3951; baseline -0.002 -21"><span class='ocrx_word' id='word_1_243' title='bbox 579 3865 973 3930; x_wconf 89' lang='lat' dir='ltr'><strong>consuetudo</strong></span> <span class='ocrx_word' id='word_1_244' title='bbox 1020 3887 1169 3930; x_wconf 91' lang='lat' dir='ltr'><strong>cum</strong></span> <span class='ocrx_word' id='word_1_245' title='bbox 1212 3866 1371 3932; x_wconf 89' lang='lat' dir='ltr'><strong>haec</strong></span> <span class='ocrx_word' id='word_1_246' title='bbox 1415 3866 1673 3951; x_wconf 88' lang='lat' dir='ltr'><strong>fuisset,</strong></span> <span class='ocrx_word' id='word_1_247' title='bbox 1718 3870 1792 3930; x_wconf 91' lang='lat' dir='ltr'><strong>ut</strong></span> <span class='ocrx_word' id='word_1_248' title='bbox 1835 3887 2031 3930; x_wconf 82' lang='lat' dir='ltr'><strong>naves</strong></span> <span class='ocrx_word' id='word_1_249' title='bbox 2080 3865 2449 3929; x_wconf 82' lang='lat' dir='ltr'><strong>civitatibus</strong></span> <span class='ocrx_word' id='word_1_250' title='bbox 2488 3868 2724 3929; x_wconf 90' lang='lat' dir='ltr'><strong>certus-</strong></span> 
     </span>
     <span class='ocr_line' id='line_1_37' title="bbox 579 3971 2723 4058; baseline -0.001 -22"><span class='ocrx_word' id='word_1_251' title='bbox 579 3995 703 4058; x_wconf 91' lang='lat' dir='ltr'><strong>que</strong></span> <span class='ocrx_word' id='word_1_252' title='bbox 749 3994 1052 4037; x_wconf 88' lang='lat' dir='ltr'><strong>numerus</strong></span> <span class='ocrx_word' id='word_1_253' title='bbox 1096 3977 1439 4038; x_wconf 88' lang='lat' dir='ltr'><strong>nautarum</strong></span> <span class='ocrx_word' id='word_1_254' title='bbox 1476 3973 1887 4056; x_wconf 88' lang='lat' dir='ltr'><strong>militumque</strong></span> <span class='ocrx_word' id='word_1_255' title='bbox 1924 3973 2370 4056; x_wconf 90' lang='lat' dir='ltr'><strong>imperaretur,</strong></span> <span class='ocrx_word' id='word_1_256' title='bbox 2408 3971 2723 4035; x_wconf 81' lang='lat' dir='ltr'><strong>maximae</strong></span> 
     </span>
     <span class='ocr_line' id='line_1_38' title="bbox 579 4077 2725 4164; baseline -0.003 -18"><span class='ocrx_word' id='word_1_257' title='bbox 579 4086 644 4146; x_wconf 90' lang='lat' dir='ltr'><strong>et</strong></span> <span class='ocrx_word' id='word_1_258' title='bbox 704 4079 1248 4164; x_wconf 86' lang='lat' dir='ltr'><strong>locupletissimae</strong></span> <span class='ocrx_word' id='word_1_259' title='bbox 1312 4081 1559 4145; x_wconf 84' lang='lat' dir='ltr'><strong>civitati</strong></span> <span class='ocrx_word' id='word_1_260' title='bbox 1617 4080 2036 4145; x_wconf 88' lang='lat' dir='ltr'><strong>Mamertinae</strong></span> <span class='ocrx_word' id='word_1_261' title='bbox 2098 4079 2264 4143; x_wconf 88' lang='lat' dir='ltr'><strong>nihil</strong></span> <span class='ocrx_word' id='word_1_262' title='bbox 2316 4078 2550 4141; x_wconf 89' lang='lat' dir='ltr'><strong>horum</strong></span> <span class='ocrx_word' id='word_1_263' title='bbox 2608 4077 2725 4140; x_wconf 91' lang='lat' dir='ltr'><strong>im-</strong></span> 
     </span>
     <span class='ocr_line' id='line_1_39' title="bbox 578 4185 2807 4272; baseline -0.004 -19"><span class='ocrx_word' id='word_1_264' title='bbox 578 4188 899 4272; x_wconf 78' lang='lat' dir='ltr'><strong>peravisti.</strong></span> <span class='ocrx_word' id='word_1_265' title='bbox 992 4186 1090 4252; x_wconf 91' lang='lat' dir='ltr'><strong>Ob</strong></span> <span class='ocrx_word' id='word_1_266' title='bbox 1136 4187 1304 4252; x_wconf 89' lang='lat' dir='ltr'><strong>hanc</strong></span> <span class='ocrx_word' id='word_1_267' title='bbox 1349 4211 1484 4252; x_wconf 89' lang='lat' dir='ltr'><strong>rem</strong></span> <span class='ocrx_word' id='word_1_268' title='bbox 1533 4187 1687 4270; x_wconf 82' lang='lat' dir='ltr'><strong>quid</strong></span> <span class='ocrx_word' id='word_1_269' title='bbox 1734 4187 1856 4251; x_wconf 89' lang='lat' dir='ltr'><strong>tibi</strong></span> <span class='ocrx_word' id='word_1_270' title='bbox 1900 4186 2268 4251; x_wconf 87' lang='lat' dir='ltr'><strong>Mamertini</strong></span> <span class='ocrx_word' id='word_1_271' title='bbox 2314 4185 2479 4250; x_wconf 91' lang='lat' dir='ltr'><strong>clam</strong></span> <span class='ocrx_word' id='word_1_272' title='bbox 2534 4205 2723 4268; x_wconf 90' lang='lat' dir='ltr'><strong>pecu·</strong></span> <span class='ocrx_word' id='word_1_273' title='bbox 2753 4203 2807 4244; x_wconf 73' lang='lat'><strong>85</strong></span> 
     </span>
    </p>
   </div>
   <div class='ocr_carea' id='block_1_10' title="bbox 3148 1915 3154 2523">
    <p class='ocr_par' dir='ltr' id='par_1_10' title="bbox 3148 1915 3154 2523">
     <span class='ocr_line' id='line_1_40' title="bbox 3148 1915 3154 2523; baseline 0 0"><span class='ocrx_word' id='word_1_274' title='bbox 3148 1915 3154 2523; x_wconf 95' lang='lat' dir='ltr'><strong> </strong></span> 
     </span>
    </p>
   </div>
   <div class='ocr_carea' id='block_1_11' title="bbox 3147 2736 3153 3400">
    <p class='ocr_par' dir='ltr' id='par_1_11' title="bbox 3147 2736 3153 3400">
     <span class='ocr_line' id='line_1_41' title="bbox 3147 2736 3153 3400; baseline 0 0"><span class='ocrx_word' id='word_1_275' title='bbox 3147 2736 3153 3400; x_wconf 95' lang='lat' dir='ltr'><strong> </strong></span> 
     </span>
    </p>
   </div>
   <div class='ocr_carea' id='block_1_12' title="bbox 3146 3884 3149 4439">
    <p class='ocr_par' dir='ltr' id='par_1_12' title="bbox 3146 3884 3149 4439">
     <span class='ocr_line' id='line_1_42' title="bbox 3146 3884 3149 4439; baseline 0 0"><span class='ocrx_word' id='word_1_276' title='bbox 3146 3884 3149 4439; x_wconf 95' lang='lat' dir='ltr'><strong> </strong></span> 
     </span>
    </p>
   </div>
  </div>
 </body>
</html>
