3175 4800
1337 383 1657 433 175—181.
1743 459 1747 463 ι
2442 380 2569 445 123

420 539 897 623 adversetur,
954 539 1186 604 istius
1243 560 1414 625 spes
1469 541 1670 606 falsa
1709 545 1795 605 et
1857 540 2130 627 insignis
2190 540 2569 625 inpudentia

420 645 699 740 maxime
744 646 1244 733 suffragatur.
1333 645 1460 712 Hic
1527 648 1582 712 si
1649 647 1805 733 quid
1868 648 1990 712 erit
2054 648 2467 713 commissum
2532 670 2570 711 a

422 774 746 836 quoquam
830 757 1144 837 vestrum,
1227 753 1401 838 quod
1481 754 1931 839 reprendatur,
2013 759 2148 819 aut
2236 754 2569 840 populus

420 859 804 927 Romanus
875 859 1258 925 iudicabit
1317 860 1394 925 de
1455 882 1529 926 eo
1589 860 1882 945 homine,
1956 883 2146 945 quem
2219 861 2350 925 iam
2424 864 2571 925 ante

367 985 392 1025 5
421 966 672 1031 iudiciis
737 966 1075 1054 indignum
1150 967 1422 1051 putarit,
1485 970 1617 1031 aut
1680 968 1775 1052 ei,
1838 969 1968 1052 qui
2039 971 2306 1053 propter
2378 968 2573 1032 offen-

421 1074 668 1138 sionem
714 1074 1099 1139 iudiciorum
1147 1074 1224 1137 de
1260 1074 1583 1140 veteribus
1631 1074 1951 1140 iudicibus
1987 1075 2132 1162 lege
2178 1096 2346 1139 nova
2390 1073 2572 1138 novi

421 1180 716 1246 iudices
784 1184 1008 1245 erunt
1071 1180 1507 1245 constituti.
1606 1181 1771 1245 Mihi
1831 1203 2055 1266 porm,
2117 1185 2193 1245 ut
2256 1202 2375 1267 ego
2440 1201 2574 1244 non

423 1287 659 1371 dicam,
701 1288 844 1371 quis
883 1287 1171 1353 omnium
1210 1288 1583 1352 mortalium
1620 1310 1755 1353 non
1789 1288 2112 1374 intellegit
2149 1309 2341 1371 quam
2377 1289 2572 1373 longe

419 1394 720 1482 progredi
793 1395 879 1459 sit
949 1394 1250 1459 necesse?
1347 1393 1582 1460 Potero
1651 1395 1837 1460 silere
1846 1444 1865 1478 ,
1937 1393 2274 1478 Hortensi,
2344 1397 2571 1478 potero

343 1519 395 1558 10
424 1502 852 1585 dissimulare,
922 1523 1068 1566 cum
1133 1504 1387 1565 tantum
1451 1523 1552 1565 res
1618 1502 1880 1585 publica
1942 1502 2173 1566 volnus
2240 1500 2576 1584 acceperit,

422 1613 498 1674 ut
543 1609 859 1693 expilatae
906 1608 1302 1691 provinciae,
1338 1608 1554 1672 vexati
1601 1608 1788 1691 socii,
1851 1608 1917 1672 di
1976 1608 2369 1672 immortales
2432 1627 2576 1690 spo-

421 1716 591 1798 liati,
636 1716 805 1781 cives
853 1713 1132 1780 Romani
1180 1714 1446 1779 cruciati
1501 1717 1566 1779 et
1625 1715 1836 1780 necati
1895 1715 2137 1798 inpune
2189 1736 2301 1778 -me
2360 1715 2575 1777 actore

425 1843 563 1888 esse
607 1820 988 1887 videantur?
1045 1820 1280 1886 Potero
1329 1843 1462 1908 ego
1495 1821 1623 1886 hoc
1669 1843 1831 1887 onus
1878 1824 2134 1885 tantum
2181 1823 2294 1885 aut
2337 1820 2408 1884 in
2451 1818 2577 1884 hoc

424 1930 661 1995 iudicio
710 1929 1026 2013 deponere
1073 1932 1186 1993 aut
1230 1928 1464 1993 tacitus
1513 1927 1871 1994 sustinere?
1928 1927 2083 1993 Non
2128 1928 2430 2015 agitanda
2472 1947 2574 1991 res

345 2051 396 2091 1⁶
427 2037 574 2120 erit,
618 2043 753 2102 'non
795 2038 866 2100 in
903 2036 1186 2101 medium
1223 2036 1632 2119 proferenda,
1670 2057 1804 2101 non
1840 2036 2065 2118 populi
2103 2034 2380 2099 Romani
2417 2033 2575 2096 fides

425 2143 837 2227 inploranda,
893 2166 1027 2207 non
1085 2163 1335 2224 omnes,
1396 2143 1508 2224 qui
1561 2145 1744 2206 tanto
1793 2163 1861 2206 se
1921 2142 2157 2205 scelere
2223 2139 2579 2205 obstrinxe-

424 2252 605 2332 runt,
640 2252 715 2313 ut
751 2253 864 2313 aut
898 2250 1091 2314 fidem
1131 2269 1313 2313 suam
1353 2248 1677 2331 corrumpi
1714 2251 2088 2331 paterentur
2124 2251 2236 2311 aut
2269 2245 2577 2311 iudicium

429 2359 931 2441 corrumperent,
957 2356 1027 2420 in
1064 2354 1409 2420 discrimen
1445 2357 1557 2420 aut
1593 2354 1902 2420 iudicium
1939 2353 2255 2420 vocandi?
2301 2352 2579 2432 Quaeret

372 2542 379 2548 ³
429 2465 658 2548 aliquis
731 2464 1032 2528 fortasse:
1125 2462 1582 2527 ‘Tantumne
1656 2463 1858 2548 igitur
1928 2462 2296 2544 laborem,
2366 2465 2579 2525 tantas

347 2589 402 2629 20
430 2572 798 2637 inimicitias
844 2574 945 2636 tot
989 2570 1327 2636 hominum
1390 2572 1893 2654 suscepturus
1954 2568 2104 2634 es?'
2192 2568 2366 2634 Non
2423 2570 2579 2632 stu-

430 2678 552 2743 dio
602 2679 859 2761 quidem
905 2679 1167 2744 hercule
1213 2679 1349 2742 ullo
1397 2698 1608 2760 neque
1654 2678 2015 2762 voluntate3
2076 2676 2186 2741 sed
2231 2698 2366 2742 non
2408 2674 2579 2739 idem

430 2786 586 2851 licet
629 2785 819 2867 mihi,
867 2786 1038 2867 quod
1086 2786 1205 2867 eis,
1252 2784 1364 2865 qui
1408 2783 1615 2847 nobili
1660 2805 1892 2868 genere
1937 2783 2076 2846 nati
2123 2787 2301 2864 sunt,
2346 2782 2579 2864 quibus

435 2891 649 2954 omnia
694 2890 922 2973 populi
967 2888 1245 2954 Romani
1290 2888 1602 2952 beneficia
1657 2886 2123 2952 dormientibus
2181 2888 2580 2969 deferuntur3

428 2997 624 3082 longe
671 2995 797 3060 alia
841 2995 1005 3059 mihi
1048 2996 1192 3080 lege
1237 2994 1307 3058 in
1350 2995 1473 3059 hac
1520 2994 1780 3075 civitate
1826 2998 1892 3058 et
1947 2974 2321 3058 condicione
2367 2994 2580 3058 viven-

351 3123 403 3163 25
432 3103 584 3167 dum
624 3107 738 3168 est.
812 3101 1039 3166 Venit
1083 3100 1272 3165 mihi
1317 3101 1390 3164 in
1439 3103 1766 3165 mentem
1803 3101 1889 3164 M.
1921 3099 2264 3184 CatoniS,
2299 3100 2579 3166 hominis

433 3209 889 3293 sapientissimi
948 3212 1014 3273 et
1072 3207 1577 3295 vigilantissimi3
1639 3207 1769 3293 qui
1816 3229 1961 3272 cum
2010 3229 2077 3272 se
2123 3207 2390 3291 virtute,
2448 3228 2583 3272 non

433 3337 689 3401 genere,
751 3316 994 3400 populo
1042 3314 1334 3380 Romano
1396 3314 1831 3379 commendari
1889 3318 2178 3399 putaret,
2236 3336 2382 3380 cum
2443 3314 2581 3399 ipse

434 3423 534 3487 sui
579 3423 830 3508 generis
876 3422 1134 3487 initium
1182 3444 1256 3487 ac
1300 3422 1579 3487 nominis
1629 3422 1709 3486 ab
1757 3443 1825 3486 se
1872 3421 2052 3507 gigni
2114 3425 2179 3487 et
2236 3422 2582 3507 propagari

433 3531 655 3615 vellet,
697 3529 1091 3595 hominum
1138 3529 1862 3612 potentissimorum
1924 3528 2270 3613 suscepit
2328 3529 2581 3592 inimi-

354 3657 406 3697 30
436 3637 662 3702 citias
737 3640 801 3701 et
874 3636 1171 3701 maximis
1244 3636 1572 3701 laboribus
1648 3636 1779 3701 suis
1854 3655 2057 3719 usque
2117 3636 2198 3699 ad
2263 3657 2580 3700 summam

435 3746 831 3809 senectutem
896 3765 1149 3808 summa
1213 3765 1359 3808 cum
1420 3743 1627 3830 gloria
1689 3743 1869 3807 vixit.
1973 3741 2209 3808 Post'ea
2256 3741 2327 3820 Q.
2366 3742 2580 3807 Pom-

435 3852 652 3935 peius
713 3851 946 3915 humili
992 3854 1187 3933 atque
1233 3850 1505 3916 obscuro
1552 3851 1697 3915 loco
1758 3853 1948 3914 natus
2009 3872 2225 3915 nonne
2284 3850 2579 3934 plurimis

436 3958 788 4023 inimicitiis
836 3958 1261 4042 maximisque
1307 3958 1439 4022 suis
1486 3956 1788 4041 periculis
1837 3979 1911 4022 ac
1953 3956 2284 4022 laboribus
2324 3957 2581 4038 amplis-

440 4064 633 4129 simos
669 4065 947 4130 honores
988 4068 1085 4130 est
1122 4064 1435 4149 adeptus?
1479 4064 1674 4128 Modo
1707 4062 1772 4128 O.
1791 4062 2164 4145 Fimbriam,
2193 4062 2258 4127 O.
2286 4062 2583 4143 Marium,

360 4188 412 4228 35
444 4168 508 4233 O.
549 4168 833 4236 Coelium
880 4172 1157 4237 vidimus
1214 4193 1348 4237 non
1403 4171 1831 4236 mediocribus
1887 4169 2238 4234 inimicitiis
2287 4188 2360 4231 ac
2405 4166 2584 4231 labo-

2612 1195 2713 1245 179

2619 2475 2720 2525 180

2621 3759 2721 3810 181
