3175 4800
1494 348 1691 401 ‘3-11.
1813 349 1838 359 “
2494 317 2497 321 ’
2625 350 2665 413 3

527 512 1067 597 stipendiariique
1113 511 1341 596 populi
1407 509 1685 573 Romani
1749 510 2005 593 afflicti,
2072 511 2289 575 miseri
2352 511 2481 575 iam
2545 518 2677 577 non

452 634 460 638 “
526 619 751 684 salutis
800 641 1009 702 spem,
1055 619 1167 683 sed
1213 618 1523 685 solacium
1573 618 1754 682 exitii
1802 623 2137 701 quaerunt.
2705 598 2728 611 χ

704 726 846 791 Die·
881 725 1338 791 senatorischen
1388 722 1670 789 Gerichte
1728 725 1877 789 sind
1929 725 2284 808 yefdhrdet;
2333 726 2434 790 die
2486 692 2673 789 tribu·
2712 740 2743 788 8

524 833 791 898 nicische
832 830 1076 897 Gewalt
1109 832 1192 895 ist
1227 831 1587 914 herge-stent,
1634 834 1769 897 und
1813 853 1967 896 man
2012 832 2250 914 beyehrt
2295 832 2394 896 die
2438 838 2680 896 erneute

474 960 497 999 5
542 921 985 1006 Wirksamkcit
1029 940 1140 1004 der
1182 943 1353 1004 sonst
1398 939 1599 1020 weniy
1632 939 1985 1020 popularem
2035 936 2290 1004 Censur.

702 1045 782 1120 In
824 1045 948 1110 hac
991 1045 1260 1110 libidine
1295 1044 1636 1108 hominum
1674 1045 2308 1129 nocentissimorum,
2348 1046 2417 1108 in
2453 1045 2680 1137 populi
2719 1062 2748 1109 9

529 1152 807 1218 Romani
853 1153 1174 1218 cotidiana
1223 1146 1651 1235 querimonia,
1695 1151 2079 1217 iudiciorum
2126 1152 2419 1235 infamia,
2478 1152 2678 1215 totius

529 1260 769 1324 ordinis
835 1260 1203 1349 offensione*
1253 1279 1400 1322 cum
1465 1258 1591 1322 hoc
1655 1281 1857 1322 unum
1921 1260 2022 1323 his
2084 1263 2184 1323 tot
2255 1258 2679 1323 incommodis

526 1367 948 1432 remedium
1022 1387 1160 1430 esse
1235 1365 1607 1447 arbitrarer,
1680 1369 1754 1430 ut
1825 1366 2120 1431 homines
2194 1366 2412 1430 idonei
2486 1369 2679 1449 atque

450 1495 500 1533 ιο
527 1473 763 1559 integri
808 1494 1066 1538 causam
1111 1473 1208 1536 rei
1252 1472 1550 1556 publicae
1597 1474 1945 1557 legumque
1993 1473 2419 1555 susciperent,
2473 1473 2682 1537 fateor

529 1603 630 1645 me
678 1581 955 1645 salutis
1006 1578 1341 1642 omnium
1389 1599 1617 1642 causa
1664 1580 1744 1642 ad
1783 1602 1923 1643 eam
1963 1584 2211 1662 partem
2257 1579 2681 1644 accessisse

528 1688 622 1751 rei
668 1687 964 1770 publicae
1013 1684 1473 1767 sublevandae,
1522 1707 1685 1767 quae
1732 1686 2010 1750 maxime
2055 1686 2394 1772 laboraret.

707 1792 928 1876 Nunc,
985 1792 1289 1876 quoniam
1357 1791 1591 1874 quibus
1647 1792 1839 1857 rebus
1898 1794 2209 1858 adductus
2277 1794 2356 1857 ad
2422 1814 2680 1858 causam
2721 1810 2787 1858 10

531 1900 904 1965 accesserim
996 1899 1460 1981 demonstravi,
1544 1899 1885 1964 dicendum
1967 1900 2323 1965 necessario
2417 1905 2514 1965 est
2605 1900 2682 1963 de

451 2025 501 2066 15
530 2008 941 2100 contentione
999 2001 1249 2089 nostra,
1316 2009 1392 2069 ut
1445 2006 1514 2069 in
1574 2008 2024 2072 constituendo
2094 2010 2462 2072 accusatore
2529 2006 2682 2088 quid

528 2115 713 2197 sequi
759 2115 1021 2197 possitis
1078 2113 1388 2177 habeatis.
1479 2113 1625 2198 Ego
1676 2114 1767 2177 sic
1813 2114 2150 2198 intellego,
2196 2113 2470 2176 iudices:
2535 2134 2682 2175 cum

531 2222 619 2284 de
684 2206 1044 2304 pecuniis*
1102 2220 1549 2303 repetundis
1616 2242 1855 2284 nomen
1921 2219 2277 2303 cuiuspiam
2345 2218 2684 2301 deferatur,

456 2376 467 2387 ,
533 2329 587 2392 si
662 2331 987 2392 certamen
1059 2328 1228 2391 inter
1292 2325 1543 2409 aliquos
1621 2327 1706 2391 sit
1783 2327 1886 2391 cui
1959 2327 2371 2411 potissimum
2446 2326 2681 2390 delatio

532 2436 744 2519 detur,
816 2436 975 2500 haec
1051 2436 1176 2499 duo
1251 2435 1320 2497 in
1393 2434 1618 2518 primis
1695 2436 1970 2519 spectari
2054 2438 2384 2518 oportere,
2459 2443 2683 2517 'quem

452 2562 504 2601 κο
532 2542 853 2606 maxime
927 2543 1176 2607 velint
1250 2545 1534 2607 actorem
1610 2563 1748 2606 esse
1812 2543 1862 2605 ii
1945 2542 2177 2624 quibus
2251 2541 2459 2606 factae
2547 2563 2684 2605 esse

532 2648 827 2712 dicantur
885 2649 1182 2732 iniuriae,
1253 2652 1319 2713 et
1380 2670 1598 2730 quem
1659 2649 1968 2712 minime
2027 2649 2222 2713 velit
2280 2648 2334 2712 is
2402 2649 2512 2731 qui
2578 2670 2682 2713 eas

531 2753 794 2818 iniurias
821 2742 1070 2820 'fecisse
1118 2759 1442 2840 arguatur.

711 2859 789 2922 In
842 2860 965 2924 hac
1020 2882 1238 2943 causa,
1291 2861 1564 2942 iudices,
1620 2863 1879 2925 tametsi
1937 2867 2283 2944 utrumque
2332 2884 2468 2927 esse
2521 2863 2683 2927 arbi—
2725 2876 2786 2922 11

534 2970 672 3030 tror
736 2966 1176 3050 perspicuum,
1239 2969 1460 3030 tamen
1524 2967 1603 3029 de
1667 2969 1943 3048 utroque
2019 2968 2254 3051 dicam,
2319 2975 2382 3033 et
2457 2970 2533 3033 de
2608 2992 2682 3033 eo

455 3093 505 3133 25
534 3072 711 3156 prius
784 3073 955 3155 quod
1017 3073 1188 3155 apud
1247 3094 1363 3136 vos
1424 3072 1778 3155 plurimum
1839 3072 2030 3137 debet
2089 3075 2328 3157 valere,
2394 3075 2519 3138 hoc
2589 3068 2726 3144 esss‘

536 3179 612 3243 de
659 3181 993 3244 voluntate
1040 3202 1293 3261 eorum,
1341 3179 1574 3261 quibus
1621 3178 1891 3244 iniuriae
1937 3179 2145 3244 factae
2194 3185 2371 3265 sunt3
2411 3204 2683 3264 quorum

537 3306 728 3350 causa
786 3287 1093 3351 iudicium
1155 3287 1231 3350 de
1291 3287 1579 3370 pecuniis
1640 3288 2011 3370 repetundis
2078 3292 2175 3352 est
2240 3289 2682 3354 constitutum.

537 3390 892 3466 Siciliam
938 3393 1417 3476 provinciam
1448 3391 1512 3457 C.
1534 3392 1768 3458 Verres
1806 3417 1923 3479 per
1957 3395 2307 3459 triennium
2347 3396 2684 3480 depopu-

533 3500 737 3563 latus
787 3521 978 3583 esse,
1001 3499 1366 3565 Siculorum
1397 3499 1689 3564 civitates
1720 3505 2023 3584 vastasse,
2052 3503 2277 3567 domos
2308 3503 2686 3586 exinanisse,

457 3627 509 3666 30
536 3605 685 3669 fana
746 3607 1056 3691 spoliasse
1117 3607 1424 3671 dicitur.
1517 3605 1803 3691 Adsunt,
1864 3613 2221 3691 queruntur
2281 3608 2483 3674 Siculi
2545 3611 2684 3674 uni-

535 3712 730 3795 versi,
789 3714 868 3776 ad
929 3736 1135 3777 meam
1197 3714 1422 3797 fidem,
1484 3735 1677 3795 quam
1738 3713 1982 3779 habent
2042 3721 2395 3801 spectatam
2445 3719 2573 3781 iam
2622 3723 2686 3789 et

536 3819 893 3904 cognitam,
967 3821 1378 3906 confugiunt,
1451 3821 1763 3884 auxilium
1837 3822 1961 3886 sibi
2036 3846 2151 3908 per
2222 3847 2325 3888 me
2400 3848 2437 3888 a
2500 3825 2684 3887 vobis

500 3903 729 4008 'atque
791 3950 828 3990 a
873 3929 1100 4012 populi
1154 3927 1434 3992 Romani
1490 3928 1744 4014 legibus
1805 3933 2063 4013 petunt,
2127 3954 2230 3995 me
2286 3931 2683 3995 defensorem

539 4033 977 4098 calamitatum
1057 4055 1346 4119 suarum,
1411 4058 1514 4099 me
1578 4036 1857 4099 ultorem
1922 4036 2334 4120 iniuriarum,
2409 4058 2509 4099 me
2583 4057 2686 4098 co-

461 4158 510 4198 85
539 4140 857 4223 gnitorem
886 4141 1041 4206 iuris
1077 4142 1195 4225 sui,
1223 4165 1326 4206 me
1362 4146 1643 4207 actorem
1675 4163 1899 4206 causae
1934 4143 2135 4206 totius
2166 4164 2303 4208 esse
2326 4143 2685 4205 voluerunt.

2190 4264 2257 4315 1*
