3175 4800
561 376 690 441 104
1152 371 1245 425 IV.
1284 372 1368 426 De
1406 370 1715 440 suppliciis,
1775 370 2102 440 (Auswahl.)

557 537 892 620 commoti3
938 536 1187 600 vinctos
1228 534 1548 618 aspiciunt
1587 532 1827 599 catenis
1856 533 2092 598 liberos
2123 555 2302 616 suos,
2340 555 2488 598 cum
2515 534 2703 599 istius

557 643 861 708 avaritiae
906 665 1181 727 poenam
1231 642 1397 707 collo
1447 645 1510 705 et
1557 640 1910 706 cervicibus
1959 641 2090 704 suis
2138 640 2553 725 sustinerent3
2600 641 2706 705 ad·

558 755 736 834 sunt,
782 750 1132 815 defendunt
1141 799 1159 833 ,
1207 750 1636 833 proclamant,
1681 747 1875 812 fidem
1921 752 2129 831 tuam,
2176 770 2338 831 quae
2383 770 2705 833 nusquam

557 862 694 922 erat
758 880 966 941 neque
1030 878 1337 940 umquam
1394 855 1634 939 fuerat,
1697 855 2041 939 inplorant.
2151 854 2379 919 Pater
2443 856 2706 921 aderat

519 963 768 1029 ⁴Dexo
825 965 1424 1049 Tyndaritanae,
1476 962 1673 1027 homo
1729 962 2198 1045 nobilissimus,
2251 962 2485 1047 hospes
2533 967 2702 1028 tuus.
2734 984 2759 1023 5

418 1514 518 1562 109

418 2584 521 2634 110

557 1071 753 1136 Cuius
812 1076 886 1136 tu
947 1071 1122 1134 domi
1181 1071 1420 1154 fueras,
1481 1091 1673 1153 quem
1730 1068 2055 1153 hospitem
2112 1071 2498 1153 appellaraS,
2557 1093 2703 1134 eum

558 1201 755 1262 quom
815 1178 926 1243 illa
986 1177 1368 1242 auctoritate
1429 1176 1686 1240 miseria
1729 1176 1977 1240 videres
2040 1175 2391 1260 perditum,
2448 1199 2582 1241 non
2639 1182 2704 1241 te

558 1286 693 1351 01110
731 1286 1081 1366 lacrumae,
1116 1306 1249 1348 non
1288 1288 1610 1366 senectus,
1644 1306 1778 1347 non
1812 1282 2080 1367 hospitii
2117 1283 2217 1347 ius
2247 1287 2440 1365 atque
2469 1305 2705 1348 nomen

559 1416 597 1457 a
643 1395 878 1457 scelere
926 1392 1208 1475 aliquam
1248 1391 1327 1455 ad
1363 1394 1615 1475 partem
1651 1390 2073 1455 humanitatis
2110 1412 2409 1455 revocare
2447 1389 2705 1474 potuit?

559 1497 686 1563 Sed
743 1499 895 1582 quid
954 1520 1073 1584 ego
1120 1497 1389 1581 hospitii
1436 1498 1575 1562 iura
1621 1497 1691 1562 in
1734 1497 1857 1562 hac
1902 1497 2147 1562 inmani
2193 1497 2384 1561 belua
2431 1519 2704 1562 comme·
2734 1517 2788 1557 10

558 1605 785 1670 moro‘?
876 1606 1017 1684 Qui
1079 1603 1482 1670 Sthenium
1543 1605 2060 1689 Thermitanum,
2116 1605 2438 1688 hospitem
2498 1626 2706 1688 suum,

559 1712 738 1776 cuius
800 1711 1062 1776 domum
1122 1734 1238 1795 per
1295 1712 1652 1797 hospitium
1701 1711 1996 1777 exhausit
2052 1716 2116 1776 et
2162 1712 2540 1796 exinanivit,
2599 1712 2706 1776 ab·

559 1823 804 1883 sentem
853 1819 921 1882 in
965 1841 1107 1884 reos
1145 1820 1494 1903 rettulerit,
1543 1841 1735 1885 causa
1771 1819 2013 1884 indicta
2052 1818 2261 1902 capite
2300 1818 2706 1901 damnarit,

559 1926 646 1989 ab
705 1949 792 1990 eo
849 1947 1048 1990 nunc
1102 1926 1623 2010 hospitiorum
1669 1926 1839 1992 iura
1886 1931 2114 2010 atque
2162 1925 2435 1990 officia
2481 1948 2703 2009 quae-

557 2032 851 2097 ramus?
917 2031 1077 2097 Cum
1114 2034 1457 2098 hominene
1496 2033 1740 2099 crudeli
1776 2032 1963 2097 nobis
2000 2054 2101 2097 res
2142 2037 2239 2097 est
2275 2056 2356 2096 an
2383 2053 2528 2096 cum
2567 2031 2702 2096 fera
2731 2050 2780 2090 15

559 2144 750 2223 atque
811 2140 1055 2204 inmani
1115 2141 1346 2205 belua?
1436 2142 1526 2206 Te
1577 2140 1779 2225 patris
1839 2142 2160 2204 lacrumae
2206 2140 2282 2203 de
2341 2138 2701 2203 innocentis

557 2247 677 2311 filii
723 2248 1008 2330 periculo
1046 2270 1180 2312 non
1215 2250 1587 2333 movebant3
1637 2271 1783 2312 cum
1820 2252 2068 2332 patrem
2108 2247 2283 2312 domi
2319 2246 2706 2329 reliquisses,

558 2354 765 2419 filium
812 2358 1027 2419 tecum
1071 2355 1370 2441 haberes,
1415 2359 1478 2420 te
1515 2377 1723 2440 neque
1762 2376 2062 2440 praesens
2101 2354 2273 2419 filius
2314 2353 2390 2419 de
2425 2351 2704 2418 liberum

560 2463 823 2527 caritate
882 2485 1090 2546 neque
1150 2464 1378 2528 absens
1440 2468 1624 2547 pater
1684 2463 1760 2526 de
1815 2463 2218 2548 indulgentia
2270 2462 2481 2546 patria
2536 2483 2705 2526 com-

559 2570 905 2634 monebat?
1006 2569 1327 2634 Catenas
1401 2571 1736 2635 habebat
1807 2570 2042 2654 hospes
2107 2572 2257 2633 tuus
2323 2568 2706 2652 Aristeus,
2733 2586 2784 2626 2⁰

559 2676 897 2741 Dexonis
945 2677 1185 2741 filius.
1262 2675 1431 2753 Quid
1478 2677 1613 2742 ita‘?
1686 2677 2084 2742 ‘Prodiderat
2132 2676 2443 2741 classem.’
2518 2675 2703 2752 Quod

560 2785 643 2848 ob
690 2784 1091 2867 praemium?
1165 2783 1612 2849 ‘Deseruerat.'
1697 2785 1866 2863 Quid
1914 2783 2331 2849 Cleomenes}>
2404 2782 2700 2869 ‘Ignavos

557 2890 809 2955 fuerat?
901 2889 992 2955 At
1052 2914 1199 2955 eum
1258 2896 1332 2956 tu
1393 2892 1475 2956 ob
1536 2892 1843 2957 virtutem
1905 2913 2142 2957 corona
2202 2894 2350 2956 ante
2414 2891 2700 2955 donaras.

560 2997 932 3062 ‘Dimiserat
990 2998 1263 3062 nautas?
1354 2997 1445 3062 At
1504 2999 1583 3062 ab
1648 2999 1946 3064 omnibus
2005 3003 2080 3063 tu
2141 2998 2495 3063 mercedem
2556 2997 2702 3060 mis-

559 3106 755 3169 sionis
823 3127 1174 3189 acceperas.
1267 3104 1489 3170 Alter
1549 3128 1822 3190 parens
1890 3130 1969 3170 ex
2032 3108 2231 3170 altera
2293 3107 2475 3188 parte
2537 3104 2701 3167 erat
2730 3119 2781 3158 2⁵

557 3211 1048 3276 Herbitensis
1122 3212 1537 3296 Eubulida,
1609 3212 1805 3277 homo
1882 3213 2058 3279 domi
2131 3213 2281 3278 suae
2356 3210 2562 3275 clarus
2638 3211 2703 3273 et

558 3317 822 3400 nobilis3
870 3319 980 3400 qui
1029 3320 1180 3402 quia
1219 3318 1623 3384 Cleomenem
1673 3320 1740 3384 in
1787 3319 2184 3385 defendendo
2231 3319 2368 3383 filio
2414 3319 2704 3397 laeserat,

558 3423 767 3488 nudus
814 3447 1017 3508 paene
1065 3428 1162 3490 est
1208 3425 1569 3491 destitutus.
1646 3427 1815 3505 Quid
1861 3431 1998 3492 erat
2034 3429 2277 3509 autem,
2325 3424 2495 3507 quod
2535 3423 2703 3506 quis-

561 3553 752 3614 quam
801 3531 1038 3597 diceret
1085 3536 1197 3597 aut
1243 3533 1652 3598 defenderet?
1725 3534 2158 3599 ‘Cleomenem
2204 3531 2535 3596 nominare
2571 3551 2704 3592 non

557 3639 749 3703 licet.⁹
843 3639 932 3704 At
998 3662 1187 3705 causa
1254 3641 1444 3726 cogit.
1539 3641 1834 3707 ‘Moriere
1845 3692 1863 3726 ,
1937 3641 1989 3706 si
2055 3637 2448 3725 appellaris’3
2521 3658 2704 3700 num·
2732 3652 2786 3694 3⁰

561 3768 752 3830 quam
810 3747 979 3811 enim
1036 3748 1157 3812 iste
1216 3748 1565 3832 quoiquam
1621 3753 1719 3813 est
1774 3749 2181 3813 mediocriter
2227 3745 2523 3810 minatus.
2615 3741 2705 3807 At

558 3855 831 3939 remiges
906 3877 1038 3919 non
1112 3859 1310 3920 erant.
1429 3856 1828 3920 ‘Praetorem
1902 3859 1975 3919 tu
2056 3852 2365 3920 accuses?
2454 3850 2704 3934 Frange

560 3961 876 4026 cervices?
962 3959 1068 4025 Sie
1114 3983 1321 4044 neque
1366 3966 1727 4046 praetorem
1774 3984 1981 4046 neque
2028 3960 2342 4046 praetoris
2382 3959 2703 4023 aemulum

560 4069 868 4152 appellari
912 4069 1162 4151 licebit,
1211 4091 1355 4133 cum
1404 4070 1471 4134 in
1515 4070 1617 4133 his
1668 4070 1916 4134 duobus
1965 4072 2103 4134 tota
2153 4089 2344 4132 causa
2391 4067 2503 4148 sit,
2551 4062 2705 4147 quid

558 4176 847 4240 futurum
896 4177 1036 4240 est?
2734 4188 2786 4227 3⁵
