3175 4800
840 404 907 459 H.
946 404 1281 461 Abschnitte
1320 420 1420 459 aus
1459 396 1560 458 der
1596 405 1760 458 Actio
1799 405 1999 474 prima.
2068 410 2223 458 3—5.
2518 409 2597 472 11

437 572 828 652 superatum
901 589 1035 631 non
1107 567 1492 652 arbitrabor3
1566 569 1845 652 populus
1883 567 2240 633 ·Romanus
2313 590 2395 633 ne
2466 573 2601 633 tam

457 674 824 756 honestam,
850 679 985 739 tam
1015 695 1301 739 severam
1340 675 1845 759 diligentemque
1883 676 2356 740 accusationem
2393 697 2601 757 neque
2661 678 2666 687 “

458 780 640 846 vobis
705 781 1021 866 placuisse
1084 802 1291 864 neque
1358 780 1566 845 ordini
1630 784 1842 845 vestro
1916 782 2168 863 placere
2242 782 2605 864 arbitretur,

458 887 803 971 providete.

1495 1247 1585 1318 II.

800 1436 1265 1520 Abschnitte
1322 1457 1465 1519 aus
1522 1436 1663 1519 der
1716 1436 1937 1519 Actio
1991 1435 2274 1539 prima.

636 1636 1040 1718 Equidem,
1085 1640 1161 1699 ut
1206 1636 1283 1699 de
1329 1658 1433 1699 me
1481 1636 1817 1718 confitear,
1861 1635 2132 1717 iudices,
2179 1656 2325 1699 cum
2363 1635 2604 1698 multae
2643 1653 2674 1700 3

461 1743 619 1806 mihi
666 1765 704 1806 a
743 1742 807 1806 C.
828 1742 1029 1807 Verre
1083 1741 1351 1806 insidiae
1405 1745 1577 1809 terra
1622 1742 1911 1825 marique
1964 1742 2172 1806 factae
2232 1741 2389 1824 sint,
2449 1763 2605 1823 quas

462 1848 694 1933 partim
743 1871 886 1913 mea
932 1849 1267 1935 diligentia
1312 1848 1678 1931 devitarim,
1724 1848 1960 1932 partim
1999 1848 2354 1913 amicorum
2393 1848 2605 1913 studio

384 1975 434 2013 ιο
463 1956 807 2039 officioque
851 1956 1274 2040 reppulerim,
1332 1978 1741 2038 numquam
1787 1959 2006 2020 tamen
2049 1977 2258 2038 neque
2305 1958 2606 2020 tantum

458 2064 885 2146 periculum
940 2063 1129 2127 mihi
1183 2063 1392 2127 adire
1447 2063 1657 2127 visus
1716 2084 1876 2127 sum
1930 2068 2139 2144 neque
2185 2066 2367 2126 tanto
2417 2084 2608 2145 opere

458 2171 794 2253 pertimui,
837 2174 922 2235 ut
967 2191 1166 2234 nunc
1210 2170 1289 2234 in
1334 2169 1503 2253 ipso
1551 2168 1860 2233 iudicio.
1925 2168 2155 2250 Neque
2201 2171 2455 2232 tantum
2502 2191 2604 2232 me
2643 2186 2676 2233 4

463 2277 821 2360 expectatio
879 2276 1305 2341 accusationis
1363 2298 1542 2340 meae
1605 2295 2082 2357 concursusque
2128 2278 2347 2340 tantae
2394 2275 2608 2339 multi-

461 2383 731 2467 tudiniS,
814 2383 1048 2467 quibus
1125 2404 1244 2469 ego
1327 2383 1518 2448 rebus
1603 2382 2164 2449 vehementissime
2248 2381 2609 2466 perturbor,

384 2494 441 2556 ιε’
463 2495 854 2575 commovet,
919 2495 1232 2575 quantum
1298 2491 1527 2556 istius
1602 2490 1934 2556 insidiae
2007 2490 2377 2573 nefariae,
2451 2511 2607 2572 quas

460 2599 588 2663 uno
645 2603 938 2683 tempore
993 2597 1182 2680 mihi,
1235 2598 1451 2681 vobis,
1508 2597 1613 2662 Μ’.
1644 2596 1978 2662 Glabrioni
2032 2597 2352 2681 praetori,
2401 2597 2611 2679 sociiS,

462 2707 693 2771 exteris
731 2705 1130 2788 nationibus,
1168 2705 1406 2787 ordini,
1441 2705 1691 2769 nomini
1729 2705 2003 2788 denique
2042 2705 2362 2769 senatorio
2401 2705 2609 2769 facere

464 2818 756 2896 conatur3
797 2813 907 2896 qui
943 2812 1035 2875 ita
1068 2812 1338 2892 dictitat,
1376 2811 1471 2876 iis
1521 2833 1684 2876 esse
1723 2813 2240 2895 metuendum,
2278 2812 2408 2895 qui,
2438 2813 2608 2894 quod

462 2919 619 3001 ipsis
650 2920 803 2983 solis
835 2919 987 2983 satis
1020 2923 1204 3000 esset,
1224 2918 1701 3001 surripuissent,
1730 2939 1805 2981 se
1852 2922 2152 2983 tantum
2201 2918 2610 3002 eripuisse,

384 3048 436 3087 20
464 3029 538 3089 ut
596 3024 662 3088 id
724 3023 944 3089 multis
1005 3024 1159 3088 satis
1222 3044 1360 3087 esse
1419 3023 1653 3107 possit3
1703 3023 1868 3087 nihil
1919 3044 2055 3088 esse
2105 3029 2241 3088 tam
2298 3028 2611 3108 sanctum,

466 3132 638 3214 quod
702 3153 836 3195 non
898 3131 1154 3213 violari,
1216 3130 1382 3195 nihil
1445 3133 1580 3195 tam
1646 3129 1998 3213 munitum,
2073 3131 2246 3213 quod
2308 3153 2444 3195 non
2509 3153 2611 3195 ex-

465 3239 742 3324 pugnari
805 3238 1077 3322 pecunia
1143 3237 1365 3323 possit.
1459 3236 1732 3319 Quodsi,
1807 3259 1999 3319 quam
2075 3238 2285 3302 audax
2359 3240 2457 3302 est
2529 3238 2608 3302 ad
2648 3255 2679 3302 5

467 3342 857 3427 conandum,
902 3348 1036 3409 tam
1083 3348 1251 3409 esset
1297 3345 1607 3409 obscurus
1656 3345 1724 3409 in
1761 3344 2039 3429 agendo,
2082 3345 2358 3410 fortasse
2397 3345 2612 3427 aliqua

463 3452 532 3516 in
588 3473 658 3515 re
717 3472 835 3516 nos
898 3451 1242 3535 aliquando
1303 3451 1663 3535 fefellisset3
1722 3474 1947 3516 verum
2006 3452 2132 3517 hoc
2197 3452 2407 3517 adhuc
2472 3474 2611 3534 per-

386 3581 436 3621 25
466 3559 800 3624 commode
862 3559 1058 3642 cadit,
1120 3559 1293 3641 quod
1353 3580 1516 3623 cum
1583 3558 2032 3623 incredibili
2097 3560 2233 3623 eius
2295 3558 2612 3623 audacia

467 3666 888 3750 singularis
939 3666 1292 3731 stultitia
1338 3666 1753 3730 coniuncta
1800 3670 1931 3730 est.
2004 3665 2177 3731 Nam
2223 3670 2300 3731 ut
2346 3669 2606 3750 apertus

465 3773 535 3836 in
604 3773 1020 3856 corripiendis
1094 3773 1384 3857 pecuniis
1456 3772 1610 3856 fuit,
1684 3773 1776 3837 sic
1847 3773 1918 3837 in
1982 3795 2095 3858 spe
2160 3773 2612 3858 corrumpendi

466 3879 688 3944 iudicii
742 3879 1081 3963 perspicua
1137 3901 1252 3944 sua
1309 3880 1577 3944 consilia
1634 3883 2031 3963 conatusque
2092 3881 2392 3945 omnibus
2438 3880 2610 3944 fecit.

469 3984 718 4052 Semel
765 3986 874 4051 ait
920 4008 996 4051 se
1042 3987 1120 4051 in
1166 3987 1332 4052 vita
1376 3987 1903 4071 pertimuisse,
1947 3991 2089 4051 tum
2136 4009 2285 4052 cum
2330 3987 2611 4070 primum

392 4113 443 4153 so
471 4117 508 4157 a
552 4115 655 4158 me
700 4114 848 4158 reus
893 4094 1104 4159 factus
1153 4094 1265 4177 sit,
1312 4094 1512 4177 quod,
1550 4116 1696 4158 cum
1745 4117 1779 4158 e
1816 4094 2149 4179 provincia
2183 4113 2404 4159 recens
2444 4095 2614 4154 esset

471 4200 837 4283 invidiaque
883 4206 950 4267 et
985 4201 1252 4266 infamia
1295 4223 1429 4267 non
1463 4202 1736 4283 recenti,
1773 4202 1883 4265 sed
1928 4204 2142 4265 vetere
2190 4221 2263 4263 ac
2310 4197 2613 4259 diuturna
