3175 4800
579 368 667 432 56
1229 364 1322 418 ΠΙ.
1360 365 1446 419 De
1483 363 1675 434 signis.
1735 363 2064 433 (Auswahl.)

581 528 840 614 cognita
896 527 1315 612 reportandos
1378 529 1910 612 reponendosque
1970 548 2241 592 curasse.
2332 527 2493 593 Erat
2546 551 2725 612 prae-

564 639 753 700 terea
805 657 1075 721 magna
1133 635 1248 699 vis
1309 634 1592 719 eboris,
1646 636 1853 699 multa
1907 637 2310 718 ornamenta,
2363 635 2433 698 in
2489 636 2724 719 quibus

578 742 894 807 eburneae
933 741 1260 813 Victoriae
1297 742 1562 825 antiquo
1603 764 1794 826 opere
1832 763 1905 806 ac
1934 763 2187 806 summa
2223 743 2357 805 arte
2385 742 2723 824 perfectae.

426 868 542 917 ,104
578 848 783 915 Haec
836 850 959 914 iste
1016 850 1294 933 omnia,
1347 872 1428 914 ne
1484 849 1706 914 multis
1763 870 2000 930 morer,
2056 871 2186 914 uno
2233 848 2483 933 impetu
2529 852 2723 932 atque

439 1176 542 1224 104

438 1261 539 1310 105

577 978 707 1021 uno
752 956 983 1021 nuntio
1030 979 1148 1040 per
1191 978 1408 1021 servos
1455 955 1797 1040 Venerios,
1852 976 2012 1039 quos
2061 954 2195 1019 eius
2240 955 2333 1020 rei
2371 977 2564 1021 causa
2607 956 2724 1021 mi·
2752 977 2778 1017 5

577 1068 774 1147 serat,
819 1063 1166 1128 tollenda
1212 1067 1440 1147 atque
1488 1062 1952 1147 asportanda
1999 1063 2311 1127 curavit.

755 1169 882 1235 Die
938 1170 1130 1236 Untat
1169 1172 1393 1236 schreit
1433 1191 1577 1235 zum
1614 1169 1931 1235 Himmel!
2002 1169 2171 1234 Aber
2215 1170 2316 1234 die
2359 1172 2725 1254 einf'o'rmiye

576 1278 981 1361 Herzc‘ihluny
1007 1278 1324 1343 iihnlicher
1346 1278 1839 1343 Vorkommnisse
1872 1277 2094 1342 ko'nnte
2127 1277 2447 1360 ermiiden,
2493 1279 2722 1342 darum

470 1448 474 1452 Α
575 1386 678 1448 ein
737 1384 1061 1449 besonders
1105 1406 1288 1468 arqer
1351 1385 1530 1468 Fau,
1593 1387 1704 1450 der
1765 1384 2256 1465 ausfio'hrlichere
2315 1382 2722 1467 Darstellwny

437 1618 538 1666 106

435 3007 535 3055 107

576 1492 896 1572 erfordert.
2742 1512 2807 1551 ,ιο

754 1596 959 1670 Vetus
1035 1602 1131 1662 est
1204 1598 1421 1682 opinio
1434 1647 1453 1681 ,
1522 1598 1795 1680 iudices,
1868 1619 2031 1681 quae
2097 1601 2349 1662 constat
2412 1621 2492 1662 ex
2563 1598 2724 1662 anti-

578 1704 901 1788 quissimis
977 1703 1364 1769 Graecorum
1436 1705 1671 1769 litteris
1746 1725 1820 1768 ac
1900 1705 2364 1788 monumentis,
2405 1764 2409 1768 ,
2443 1705 2722 1770 insulam

578 1809 925 1875 Siciliam
980 1814 1221 1875 totam
1278 1833 1442 1875 esse
1499 1810 1756 1875 Cereri
1810 1814 1883 1874 et
1936 1811 2258 1876 Liberae
2314 1832 2723 1876 consecra-

575 1921 745 1981 tam.
827 1915 973 1981 Hoc
1019 1939 1166 1982 cum
1214 1921 1459 1982 ceterae
1505 1921 1729 2003 gentes
1776 1917 1869 1982 sic
1915 1918 2519 2001 arbitrantur,ytum
2565 1919 2720 2003 ipsis

579 2021 811 2088 Siculis
877 2024 969 2088 ita
1026 2044 1402 2108 persuasum
1463 2030 1589 2108 est,
1647 2029 1722 2089 ut
1776 2025 1846 2088 in
1900 2012 2130 2089 animis
2188 2047 2410 2089 eorum
2456 2025 2722 2091 insitum
2747 2045 2801 2086 15

576 2134 769 2214 atque
832 2131 1126 2195 innatum
1192 2153 1329 2197 esse
1388 2132 1698 2197 videatur.
1788 2131 1958 2197 Nam
2016 2137 2081 2196 et
2132 2135 2356 2196 natas
2423 2131 2719 2197 esse'has

574 2238 655 2302 in
691 2238 1042 2303 iis‘locis
1092 2239 1266 2303 deas
1315 2242 1380 2304 et
1423 2240 1687 2326 fruges
1734 2240 1802 2303 in
1840 2262 1915 2303 ea
1949 2243 2120 2303 terra
2153 2239 2436 2323 primum
2471 2245 2722 2323 reper-

575 2349 695 2410 tas
745 2366 907 2410 esse
946 2346 1426 2412 arbitrantur
1463 2350 1526 2411 et
1561 2350 1857 2432 raptam
1897 2367 2061 2412 esse
2096 2346 2482 2431 Liberam,
2530 2368 2721 2431 quam

576 2452 842 2517 eandem
891 2453 1340 2538 Proserpinam
1376 2459 1638 2539 vocant,
1686 2477 1774 2518 ex
1817 2453 2345 2519 Hennensium
2389 2477 2724 2538 nemore,

577 2559 689 2644 qui
750 2561 930 2624 locus
940 2609 960 2643 ,
1034 2561 1206 2644 quod
1269 2562 1339 2625 in
1402 2560 1614 2626 media
1677 2565 1775 2625 est
1836 2561 2051 2625 insula
2113 2561 2274 2626 situs
2285 2610 2304 2645 ,
2376 2562 2719 2626 umbilicus
2748 2582 2803 2622 so

577 2665 832 2731 Siciliae
877 2667 1263 2731 nominatur.
1356 2667 1562 2745 Quam
1611 2690 1757 2733 cum
1801 2668 2189 2754 investigare
2236 2672 2301 2733 et
2348 2668 2720 2751 conquirere

578 2772 764 2839 Ceres
820 2774 1045 2857 vellet,
1101 2772 1337 2838 dicitur
1378 2774 1812 2840 inflammasse
1858 2775 2076 2840 taedas
2125 2776 2215 2840 eis
2262 2776 2549 2862 ignibus,
2609 2774 2720 2858 qui

576 2903 656 2944 ex
714 2879 960 2946 Aetnae
1019 2880 1258 2945 vertice
1318 2887 1689 2967 erumpunt3
1754 2903 1912 2967 quas
1974 2883 2100 2947 sibi
2158 2905 2306 2948 cum
2360 2882 2501 2967 ipsa
2544 2903 2720 2965 prae-

572 2987 795 3070 ferret,
832 2988 1052 3052 orbem
1092 3009 1347 3054 omnem
1384 3010 1756 3075 peragrasse
1784 2992 2116 3053 terrarum.
2179 2989 2452 3055 Henna
2488 2993 2720 3070 autem,

573 3095 687 3159 ubi
732 3117 806 3159 ea
853 3116 1014 3178 quae
1052 3095 1194 3160 dico
1241 3100 1426 3182 gesta
1471 3117 1609 3162 esse
1654 3100 2119 3179 memorantur,
2164 3100 2260 3160 est
2305 3097 2450 3160 loco
2497 3117 2717 3178 perex-
2745 3115 2800 3156 25

575 3202 745 3266 celso
793 3206 986 3285 atque
1033 3202 1234 3285 edito,
1290 3225 1416 3287 quo
1463 3204 1533 3267 in
1577 3224 1830 3268 summo
1879 3206 1976 3267 est
2022 3206 2296 3287 aequata
2340 3201 2480 3288 agri
2516 3203 2718 3286 plani-

576 3309 702 3372 cies
752 3313 816 3372 et
861 3330 1062 3391 aquae
1107 3330 1447 3393 perennes,
1500 3313 1641 3374 tota
1685 3333 1836 3375 vero
1885 3311 1965 3374 ab
2015 3310 2191 3375 omni
2228 3310 2408 3375 aditu
2455 3310 2719 3376 circum-

577 3415 708 3480 cisa
780 3418 972 3497 atque
1042 3415 1282 3485 directa
1345 3420 1469 3500 est3
1533 3439 1727 3500 quam
1792 3418 1959 3483 circa
2015 3418 2193 3482 lacus
2252 3418 2510 3501 lucique
2568 3420 2720 3482 sunt

573 3521 837 3605 plurimi
892 3525 1085 3605 atque
1129 3523 1466 3587 laetissimi
1510 3524 1701 3588 flores
1748 3525 1925 3607 omni
1969 3529 2260 3609 tempore
2306 3523 2486 3606 anni,
2537 3523 2719 3587 locus

574 3633 648 3694 ut
701 3629 839 3713 ipse
892 3633 1152 3712 raptum
1206 3630 1392 3694 illum
1437 3630 1734 3715 virginis,
1790 3652 1981 3714 quem
2026 3632 2155 3695 iam
2203 3655 2241 3696 a
2284 3631 2500 3714 pueris
2529 3652 2718 3695 acce·
2746 3650 2801 3691 ao

574 3737 817 3820 pimus,
863 3735 1183 3800 declarare
1218 3737 1526 3801 videatur.
1600 3736 1860 3801 Etenim
1898 3760 2142 3822 prope
2180 3741 2295 3803 est
2342 3739 2721 3822 spelunca

577 3843 890 3927 quaedam
946 3864 1252 3907 conversa
1312 3843 1391 3908 ad
1448 3844 1816 3928 aquilonem
1869 3845 2126 3910 infinita
2172 3845 2538 3927 altitudine,
2593 3866 2719 3928 qua

574 3949 794 4014 Ditem
848 3951 1097 4033 patrem
1152 3949 1369 4015 ferunt
1421 3954 1685 4034 repente
1732 3973 1878 4015 cum
1928 3973 2118 4016 curru
2166 3953 2452 4017 extitisse
2498 3951 2719 4034 abrep-

573 4061 836 4141 tamque
892 4079 972 4120 ex
1026 4078 1100 4122 eo
1156 4058 1300 4122 loco
1356 4058 1670 4143 virginem
1721 4079 1937 4123 secum
1985 4063 2348 4143 asportasse
2393 4064 2458 4123 et
2502 4058 2717 4122 subito

572 4186 706 4229 non
749 4166 944 4251 longe
991 4187 1028 4227 a
1066 4163 1397 4248 Syracusis
1433 4168 1802 4247 penetrasse
1840 4166 1960 4230 sub
1998 4169 2229 4250 terras,
2272 4167 2613 4248 lacumque
2651 4165 2719 4228 in
2748 4183 2801 4225 35
