3175 4800
948 1271 1355 1355 Divinatio
1411 1272 1502 1353 in
1559 1272 1634 1356 Q,
1677 1269 2119 1353 Caecilium.

1320 1469 1682 1559 <Auem-ah
1692 1467 1764 1556 1)

642 1615 712 1680 Si
779 1615 921 1699 quis
985 1618 1302 1697 vestrum,
1361 1613 1632 1696 iudices,
1694 1616 1808 1677 aut
1881 1633 2105 1676 eorum
2180 1612 2292 1695 qui
2363 1611 2617 1694 adsunt,

413 1743 436 1782 ⁵
464 1723 629 1786 forte
694 1723 966 1809 miratur
1032 1743 1172 1803 me,
1232 1720 1343 1803 qui
1401 1723 1503 1784 tot
1560 1739 1763 1784 annos
1832 1718 1903 1782 in
1966 1719 2173 1784 causis
2237 1718 2617 1801 iudiciisque

465 1828 741 1913 publicis
789 1828 880 1892 ita
926 1828 1047 1892 sim
1093 1831 1412 1910 versatus,
1457 1830 1531 1891 ut
1577 1825 1970 1891 defenderim
2009 1827 2279 1910 multos,
2322 1826 2618 1891 laeserim

463 1936 815 2019 neminem,
858 1935 1072 2001 subito
1110 1956 1284 1999 nunc
1321 1938 1570 1998 mutata
1605 1935 1939 1998 voluntate
1977 1934 2065 1997 ad
2103 1932 2618 1997 accusandum

464 2042 951 2125 descendere,
1007 2041 1062 2106 is
1124 2042 1179 2106 si
1238 2042 1363 2106 mei
1419 2041 1674 2106 consilii
1719 2061 1978 2105 causam
2022 2041 2467 2123 rationemque
2518 2061 2620 2104 co-

464 2149 787 2234 gnoverit,
832 2172 961 2213 una
1008 2152 1074 2213 et
1108 2148 1174 2212 id
1232 2150 1404 2231 quod
1441 2148 1607 2212 facio
1655 2147 2021 2230 probabit
2066 2151 2133 2210 et
2167 2146 2236 2210 in
2270 2146 2394 2211 hac
2431 2167 2621 2210 causa

387 2277 438 2316 ιο
465 2256 754 2338 profecto
774 2255 1097 2319 neminem
1112 2253 1638 2339 praeponendum
1659 2234 1820 2317 mihi
1836 2274 1973 2319 esse
1994 2257 2275 2318 actorem
2292 2253 2619 2338 putabit.

646 2361 808 2427 Cum
865 2365 1168 2446 quaestor
1221 2361 1290 2425 in
1336 2359 1555 2426 Sicilia
1600 2361 1867 2426 fi1issem
1878 2411 1897 2445 ,
1951 2360 2224 2446 iudices,
2276 2362 2495 2444 itaque
2542 2382 2622 2426 ex

466 2493 538 2535 ea
597 2469 930 2555 provincia
989 2470 1430 2552 decessissem,
1490 2472 1565 2533 ut
1619 2467 1853 2533 Siculis
1917 2469 2219 2533 omnibus
2274 2469 2618 2533 iucundam

466 2577 961 2659 diuturnamque
998 2576 1375 2641 memoriam
1415 2580 1795 2659 quaesturae
1831 2573 2240 2660 nominisque
2278 2577 2405 2640 mei
2431 2576 2620 2641 relin-

468 2706 755 2767 querem,
801 2683 1045 2748 factum
1084 2688 1210 2767 est,
1254 2684 1352 2747 uti
1389 2704 1537 2747 cum
1575 2704 1901 2748 summum
1937 2684 2006 2748 in
2044 2684 2369 2749 veteribus
2408 2687 2620 2768 patro·

391 2809 440 2849 15
467 2792 566 2855 nis
607 2791 858 2874 multis,
894 2794 1034 2855 tum
1081 2813 1236 2856 11011
1279 2791 1578 2854 nullum
1618 2790 1846 2855 etiam
1885 2792 1964 2855 in
1999 2814 2111 2855 me
2150 2790 2621 2875 praesidium

469 2897 598 2960 suis
659 2885 936 2959 fortunis
998 2897 1426 2960 constitutum
1486 2917 1625 2960 0880
1685 2898 2166 2962 arbitrarentur.
2260 2897 2385 2975 Qui
2450 2920 2622 2962 nunc

468 3003 830 3087 populati
899 3009 1128 3085 atque
1199 3001 1459 3067 vexati
1519 3003 1737 3066 cuncti
1796 3004 1875 3066 ad
1943 3026 2043 3068 me
2109 3004 2368 3087 publice
2434 3026 2622 3086 saepe

467 3112 803 3192 venerunt,
859 3112 934 3173 ut
980 3129 1241 3173 suarum
1297 3109 1705 3173 fortunarum
1763 3110 2053 3174 omnium
2102 3131 2361 3174 causam
2410 3108 2624 3173 defen-

470 3217 844 3299 sionemque
918 3216 1413 3300 susciperem3
1487 3239 1589 3280 me
1665 3238 1853 3301 saepe
1928 3237 2065 3281 esse
2140 3215 2623 3300 pollicitum,

390 3340 442 3380 20
471 3344 658 3406 saepe
708 3323 1060 3387 ostendisse
1108 3323 1432 3406 dicebant,
1475 3323 1530 3388 si
1578 3325 1750 3406 quod
1797 3328 2053 3407 tempus
2093 3323 2455 3407 accidisset,
2493 3345 2620 3406 quo

467 3434 759 3512 tempore
815 3429 1058 3513 aliquid
1106 3452 1143 3494 a
1188 3452 1291 3494 me
1336 3430 1764 3515 requirerent,
1822 3432 2177 3496 commodis
2236 3454 2461 3495 eorum
2519 3453 2621 3494 me

468 3558 601 3600 non
665 3536 1054 3601 defuturum.
1145 3536 1418 3601 Venisse
1481 3540 1738 3621 tempus
1805 3538 2089 3622 aiebant,
2152 3561 2287 3602 non
2349 3538 2477 3601 iam
2544 3541 2618 3602 ut

469 3639 808 3707 commoda
855 3664 998 3726 sua,
1043 3644 1153 3708 sed
1200 3648 1275 3708 ut
1320 3644 1521 3708 vitam
1568 3644 1969 3728 salutemque
2015 3645 2216 3710 1011118
2255 3644 2623 3729 provinciae

470 3749 902 3834 defenderem3
962 3772 1098 3814 sese
1158 3751 1286 3814 iam
1346 3774 1428 3815 ne
1489 3751 1641 3816 deos
1705 3751 1964 3834 quidem
2019 3752 2088 3815 in
2144 3752 2276 3817 suis
2334 3751 2625 3834 u‘rbibus,

391 3875 442 3915 25
470 3857 549 3919 ad
624 3878 785 3940 quos
861 3857 1313 3943 confugerent,
1385 3858 1650 3941 habere,
1735 3859 1907 3941 quod
1983 3880 2205 3923 eorum
2280 3859 2625 3923 simulacra

470 3963 874 4028 sanctissima
934 3963 1002 4028 G.
1030 3963 1261 4029 Verres
1330 3988 1409 4029 ex
1481 3965 1764 4029 delubris
1842 3965 2345 4050 religiosissimis
2414 3968 2623 4029 sustu-

470 4069 666 4133 lisset.
744 4069 914 4147 Quas
961 4092 1062 4135 res
1109 4071 1393 4137 luxuries
1441 4072 1510 4136 in
1556 4072 1850 4157 flagitiis,
1887 4072 2232 4136 crudelitas
2270 4072 2339 4134 in
2377 4071 2620 4153 suppli-

474 4176 615 4259 ciis,
672 4178 939 4243 avaritia
992 4179 1061 4241 in
1114 4179 1388 4263 rapiniS,
1444 4179 1746 4262 superbia
1800 4179 1871 4242 in
1916 4177 2323 4242 contumeliis
2372 4176 2624 4239 efficere

580 4298 762 4339 Ciceros
780 4301 1030 4354 Verrinen,
1057 4314 1098 4341 v.
1117 4303 1278 4343 Bardi.
1336 4303 1465 4343 Text.
2169 4305 2197 4351 1
