3175 4800
1384 411 1483 460 181
1500 407 1564 444 4-
1581 410 1699 460 186.
2484 408 2610 473 125

645 565 839 632 Nunc
903 571 1004 651 te,
1066 566 1358 652 Iuppiter
1421 568 1665 652 optime
1728 567 2033 652 maxime,
2116 568 2389 651 quoius
2462 571 2612 645 iste
2652 585 2756 634 184

449 658 745 739 'donum
790 675 1049 761 regale
1097 674 1364 760 dignum
1410 678 1524 739 tuo
1562 675 1995 758 pulcherrimo
2035 677 2278 758 templo
2288 723 2307 759 ,
2345 675 2611 762 dignum

471 780 787 865 Capitolio
836 787 1029 864 atque
1066 781 1192 845 ista
1228 803 1371 846 arce
1409 781 1701 846 omnium
1737 782 2092 866 nationum,
2130 782 2395 869 dignum
2431 782 2611 869 regio

467 911 750 973 munere,
776 889 898 953 tibi
934 888 1179 953 factum
1216 888 1296 952 ab
1334 889 1615 975 regibu8,
1642 888 1763 953 tibi
1801 888 2081 954 dicatum
2115 893 2315 972 atque
2343 889 2613 972 promis-

415 1013 438 1052 5
468 1016 611 1059 sum
649 1017 765 1078 per
800 995 1115 1059 nefarium
1153 997 1362 1060 scelus
1402 996 1480 1059 de
1517 995 1813 1059 manibus
1849 996 2045 1081 regiis
2084 995 2371 1079 extorsit,
2406 996 2612 1060 cuius-

470 1122 594 1184 que
639 1101 1133 1167 sanctissimum.
1162 1106 1226 1167 et
1271 1102 1775 1185 pulcherrimum
1824 1102 2239 1167 simulacrum
2278 1101 2611 1186 Syracusis

469 1209 819 1292 sustulit,
863 1213 1120 1294 teque,
1163 1208 1351 1274 Iuno
1400 1210 1649 1296 regina,
1697 1209 1912 1274 cuius
1960 1209 2103 1273 duo
2151 1209 2611 1275 fana-duabus

466 1316 536 1380 in
592 1316 818 1380 insulis
878 1316 1091 1400 posita
1149 1317 1499 1401 sociorum,
1543 1317 1803 1381 Melitae
1851 1320 1916 1381 et
1962 1314 2165 1399 Sami,
2210 1316 2614 1382 sanctissima

467 1425 532 1487 et
577 1423 1024 1508 antiquissima
1077 1424 1272 1488 simili
1332 1424 1568 1489 scelere
1629 1423 1798 1487 idem
1859 1423 2007 1487 iste
2067 1422 2366 1498 omnibus
2427 1422 2611 1487 donis

387 1547 441 1586 ιο
468 1530 987 1612 ornamentisque
1045 1530 1393 1614 nudavit,
1451 1534 1708 1614 teque,
1760 1530 2128 1613 Minerva,
2189 1551 2408 1611 quam
2454 1530 2610 1594 item

467 1635 717 1701 duobus
754 1636 824 1699 in
862 1637 1229 1701 clarissimis
1268 1640 1333 1701 et
1367 1637 1871 1722 religiosissimis
1908 1636 2165 1719 templis
2205 1636 2612 1720 expilavit,

467 1740 770 1827 Athenis,
817 1764 965 1808 cum
1012 1744 1149 1808 auri
1196 1744 1436 1830 grande
1482 1744 1764 1828 pondus,
1802 1741 2166 1827 Syracusis,
2212 1764 2358 1807 cum
2397 1741 2613 1806 omnia

466 1853 718 1933 praeter
775 1853 1020 1916 tectum
1081 1854 1146 1916 et
1204 1851 1479 1935 parietes
1541 1850 1836 1933 abstulit,
1896 1853 2155 1934 teque,
2200 1849 2493 1914 Latona
2540 1853 2613 1913 et
2651 1864 2756 1916 185

467 1953 747 2040 Apollo
797 1961 872 2021 et
916 1957 1187 2042 Diana,
1243 1980 1561 2042 quorum
1618 1958 1765 2023 iste
1810 1956 1959 2022 Deli
2002 1979 2138 2022 non
2179 1957 2433 2038 fanum,
2478 1955 2609 2039 sed,

387 2078 438 2119 1⁵
466 2066 541 2127 ut
596 2062 933 2141 hominum
996 2065 1214 2149 opinio
1281 2069 1345 2129 et
1403 2064 1632 2149 religio
1692 2064 1846 2146 fert,
1906 2064 2155 2127 sedem
2216 2064 2609 2146 antiquam

467 2169 750 2234 divinum
759 2193 882 2253 que
930 2171 1326 2234 domicilium
1374 2174 1693 2235 nocturno
1738 2170 2076 2233 latrocinio
2126 2173 2318 2251 atque
2364 2169 2611 2252 impetu

468 2275 924 2359 conpilavit3
989 2277 1182 2340 etiam
1246 2280 1341 2361 te,
1403 2275 1718 2362 Apollo,
1783 2297 2000 2361 quem
2074 2276 2222 2339 iste
2271 2274 2428 2339 Chio
2478 2296 2612 2339 sus-

465 2381 644 2467 tulit,
713 2386 906 2466 teque
985 2383 1177 2448 etiam
1253 2386 1444 2469 atque
1510 2383 1734 2468 etiam,
1796 2382 2033 2467 Diana,
2107 2405 2298 2466 quam
2368 2381 2611 2467 Pergae
2708 2434 2721 2444 .

465 2489 794 2574 spoliavit,
868 2491 1049 2555 cuius
1114 2491 1528 2557 simulacrum
1594 2491 2069 2557 sanctissimum
2136 2489 2437 2576 Segestae
2511 2490 2609 2555 bis

385 2613 439 2652 20
465 2596 634 2680 apud
682 2595 1067 2684 Segestanos
1134 2604 1607 2682 consecratum,
1670 2599 1868 2664 semel
1928 2598 2216 2682 ipsorum
2281 2596 2612 2682 religione,

466 2702 698 2769 iterum
762 2703 832 2769 P.
871 2704 1158 2771 Africani
1217 2707 1515 2791 victoria,
1578 2707 1946 2771 'tollendum
2019 2704 2609 2790 asportandumque
2678 2759 2683 2763 .

467 2812 739 2894 curavit,
801 2816 1058 2895 teque,
1101 2813 1460 2894 Mercuri,
1521 2834 1713 2893 quem
1759 2811 1991 2876 Verres
2047 2812 2116 2873 in
2172 2811 2362 2875 domo
2420 2814 2484 2874 et
2543 2810 2612 2872 in

466 2915 717 3000 privata
789 2917 1006 3000 aliqua
1077 2918 1396 3001 palaestra
1469 2918 1717 3001 posuit,
1787 2915 1857 2980 P.
1894 2914 2236 2980 Africanus
2311 2917 2380 2979 in
2451 2915 2611 2978 urbe

468 3022 787 3087 sociorum
836 3027 900 3087 et
945 3023 1014 3088 in
1059 3023 1395 3109 gymnasio
1443 3022 2025 3106 Tyndaritanorum
2072 3021 2423 3086 iuventutis
2470 3021 2611 3084 illo-

387 3145 437 3184 25
464 3152 608 3193 rum
638 3130 988 3197 ,custodem
1035 3152 1108 3219 ac
1154 3129 1510 3214 praesidem
1554 3130 1765 3194 voluit
1819 3149 1981 3211 esse,
2026 3132 2282 3213 teque,
2325 3126 2609 3204 Hercu·
2649 3143 2753 3193 186

465 3236 604 3320 les,
677 3259 868 3320 quem
941 3238 1062 3302 iste
1134 3237 1477 3323 Agrigenti
1549 3239 1738 3301 nocte
1810 3236 2197 3318 intempesta
2279 3255 2608 3300 servorum

466 3343 780 3409 instructa
825 3347 890 3408 et
937 3346 1305 3428 comparata
1349 3365 1543 3408 manu
1606 3343 1962 3407 convellere
2023 3364 2102 3408 ex
2161 3343 2290 3406 tuis
2351 3340 2608 3406 sedibus

465 3454 658 3534 atque
718 3451 967 3516 auferre
1027 3439 1292 3516 conatus
1341 3454 1464 3534 est,
1509 3453 1766 3533 teque,
1820 3448 2311 3514 sanctissima
2370 3451 2612 3512 mater

464 3555 715 3642 Idaea,
790 3579 983 3641 quam
1049 3558 1219 3642 apud
1282 3556 1619 3643 Enguinos
1686 3555 2142 3642 augustissimo
2219 3556 2284 3620 et
2353 3555 2610 3640 religio·

386 3678 439 3718 80
466 3664 717 3729 sissimo
764 3665 833 3729 111
878 3667 1121 3748 templo
1179 3665 1270 3729 sic
1316 3664 1658 3748 spoliatam
1703 3662 1992 3745 reliquit,
2035 3665 2111 3726 ut
2154 3683 2326 3727 nunc
2371 3684 2610 3726 nomen

466 3771 658 3835 modo
723 3770 1013 3837 Africani
1078 3775 1142 3835 et
1202 3770 1477 3856 vestigia
1538 3770 1815 3836 violatae
1886 3769 2216 3855 religionis
2289 3773 2613 3852 maneant,

463 3882 884 3943 monumenta
955 3875 1261 3943 victoriae
1331 3877 1596 3960 fanique
1670 3880 2044 3941 ornamenta
2124 3899 2257 3941 non
2339 3880 2612 3958 exstent,

464 4006 776 4069 vosque,
841 3984 1130 4049 omnium
1190 4007 1404 4049 rerum
1470 3984 1853 4067 forensium,
1925 3985 2338 4048 consiliorum
2410 3981 2609 4045 maxi-

454 4114 745 4175 morum,
789 4093 1008 4178 legum
1045 4090 1557 4174 iudiciorumque
1595 4091 1819 4177 arbitri
1857 4094 1923 4155 et
1958 4094 2152 4154 testes
2194 4087 2609 4155 celeberrimo

389 4217 438 4257 85
465 4197 534 4262 in
604 4199 749 4263 loco
831 4200 1057 4285 populi
1130 4198 1406 4263 Romani
1487 4199 1712 4281 locati,
1796 4196 2064 4262 Castor
2146 4199 2224 4259 et
2303 4193 2612 4275 Pollux,
