3175 4800
442 595 512 645 54

443 2409 510 2459 55

441 3052 509 3100 56

550 418 635 482 38
1201 413 1294 468 111.
1332 414 1417 468 De
1455 414 1646 483 signis.
1707 413 2039 484 (Auswahl.)

621 661 624 664 ἢ
726 577 815 642 Et
872 599 954 641 ne
1011 578 1179 642 forte
1237 577 1566 641 hominem
1629 576 2008 642 existimetis
2054 576 2222 640 hanc
2265 579 2514 641 tantam
2559 578 2693 642 vim

549 684 1007 749 emblematum
1081 684 1217 749 sine
1291 705 1482 748 causa
1563 704 1937 748 coacervare
2017 683 2327 767 voluisse,
2406 684 2695 774 videte,

550 792 823 875 quanti
903 811 1066 875 vos,
1156 791 1381 875 quanti
1463 789 2006 854 existimationem
2088 789 2314 874 populi
2397 789 2696 876 Romani,

551 897 820 982 quanti
864 899 1074 984 leges
1122 902 1196 962 et
1240 896 1554 980 iudicia,
1611 896 1836 980 quanti
1879 896 2063 960 testis
2112 893 2362 960 Siculos
2407 898 2695 983 negotia-

548 1009 848 1088 toresque
884 1004 1175 1068 fecerit.
1239 1002 1667 1087 Posteaquam
1701 1006 1949 1067 tantam
1983 1003 2465 1069 multitudinem
2504 1005 2693 1069 colle-
2721 1024 2748 1066 5

549 1114 731 1197 gerat
794 1112 1279 1194 emblematum,
1335 1113 1411 1174 ut
1468 1132 1550 1174 ne
1609 1133 1811 1174 unum
1874 1110 2132 1193 quidem
2196 1110 2496 1194 cuiquam
2550 1112 2694 1175 reli-

549 1218 821 1303 quisset,
900 1217 1255 1282 instituit
1337 1217 1738 1281 officinam
1822 1215 2224 1302 Syracusis
2315 1217 2394 1281 in
2481 1218 2693 1303 regia

549 1325 965 1389 maximam.
1056 1322 1278 1388 Palam
1339 1324 1615 1389 artifices
1678 1345 1898 1388 omnes
1960 1326 2306 1389 caelatores
2353 1345 2427 1389 ac
2472 1345 2693 1389 vascu-

546 1431 741 1496 larios
802 1430 1140 1496 convocari
1197 1429 1404 1515 iubet,
1462 1434 1527 1495 et
1578 1431 1719 1515 ipse
1779 1451 1928 1495 suos
1990 1432 2337 1514 compluris
2396 1430 2692 1496 habebat.

547 1538 679 1603 Eos
737 1536 1090 1621 concludit,
1135 1559 1437 1622 magnam
1481 1537 1820 1602 hominum
1868 1537 2367 1603 multitudinem.
2439 1538 2690 1603 Menses
2721 1522 2776 1599 1ο

549 1648 695 1709 octo
761 1645 1099 1710 continuos
1163 1644 1265 1708 his
1332 1665 1493 1728 opus
1557 1667 1693 1709 non
1756 1644 1989 1729 defuit,
2054 1666 2199 1709 cum
2263 1666 2375 1709 vas
2415 1628 2690 1710 *nullum

547 1751 730 1816 fieret
791 1752 919 1815 nisi
981 1773 1264 1815 aureum.
1355 1750 1521 1815 Tum
1587 1751 1727 1836 illa,
1791 1773 1872 1815 ex
1933 1751 2189 1835 patellis
2254 1755 2318 1816 et
2389 1752 2691 1817 turibulis

551 1878 713 1942 quae
773 1858 1102 1942 evellerat,
1158 1857 1251 1921 ita
1310 1858 1467 1923 scite
1526 1859 1597 1922 in
1656 1857 1862 1922 aureis
1919 1860 2170 1942 poculis
2216 1858 2559 1945 inligabat,
2602 1860 2694 1923 ita

550 1968 697 2048 apte
757 1965 826 2028 in
883 1964 1161 2048 scaphiis
1222 1965 1428 2029 aureis
1488 1964 1885 2049 includebat,
1945 1970 2019 2031 ut
2078 1989 2153 2030 ea
2207 1966 2285 2030 ad
2332 1966 2510 2030 illam
2553 1987 2690 2029 rem

548 2074 700 2135 nata
747 2092 884 2136 esse
930 2071 1198 2156 diceres,
1260 2071 1398 2156 ipse
1443 2076 1662 2136 tamen
1707 2075 1991 2156 praetor,
2038 2073 2150 2156 qui
2195 2094 2312 2139 sua
2355 2070 2690 2157 vigilantia
2717 2090 2771 2133 ιο

547 2199 770 2263 pacem
834 2179 903 2242 in
968 2176 1186 2242 Sicilia
1250 2178 1406 2243 dicit
1467 2178 1695 2263 fuisse,
1756 2178 1827 2242 in
1879 2160 2011 2243 ⁴hac
2067 2179 2326 2244 officina
2383 2179 2689 2242 maiorem

547 2289 796 2369 partem
844 2284 970 2349 diei
1016 2306 1162 2352 cum
1208 2286 1428 2350 tunica
1473 2287 1653 2381 pulla
1699 2287 1916 2351 sedere
1962 2286 2212 2351 solebat
2258 2289 2323 2350 et
2366 2285 2583 2370 pallio.

564 2481 568 2486 p
726 2390 905 2459 Haec
951 2415 1100 2479 ego,
1144 2392 1414 2478 iudices,
1458 2415 1593 2458 non
1635 2393 1933 2458 auderem
1971 2393 2284 2479 proferre,
2319 2394 2388 2458 ni
2424 2401 2693 2476 vererer,

546 2523 628 2566 ne
655 2501 823 2590 forte
851 2502 1038 2590 plura
1066 2501 1143 2565 de
1171 2500 1296 2590 isto
1332 2500 1420 2565 ab
1449 2501 1626 2565 aliis
1655 2501 1734 2565 in
1761 2522 2106 2566 sermone
2136 2522 2357 2584 quam
2396 2524 2434 2565 a
2465 2522 2578 2565 me
2614 2500 2692 2564 in

547 2608 836 2673 iudicio
883 2629 999 2672 vos
1047 2607 1299 2696 audisse
1338 2607 1650 2672 diceretis.
1724 2607 1882 2684 Quis
1921 2607 2092 2672 enim
2131 2611 2257 2691 est,
2294 2607 2407 2691 qui
2443 2608 2521 2672 de
2564 2607 2686 2672 hac
2714 2626 2770 2669 20

551 2714 837 2798 officina,
875 2715 987 2798 qui
1024 2715 1101 2779 de
1138 2714 1306 2778 vasis
1346 2714 1582 2799 aureis,
1620 2715 1732 2798 qui
1769 2714 1847 2778 de
1884 2714 2072 2779 istius
2110 2715 2307 2799 pallio
2344 2731 2479 2779 non
2516 2713 2689 2778 audi-

549 2819 713 2885 erit?
732 2819 937 2898 Quem
955 2823 1133 2886 voles
1164 2843 1198 2886 e
1229 2825 1548 2886 conventu
1562 2819 1964 2905 Syracusano
1984 2822 2195 2885 virum
2214 2822 2458 2886 bonum
2484 2820 2690 2884 nomi-

546 2931 727 3012 nat03
769 2927 1146 3020 producam3
1185 2950 1375 2993 nemo
1410 2928 1550 3013 erit,
1573 2928 1733 3012 quin
1767 2927 1894 2992 hoc
1927 2948 1995 2992 se
2031 2929 2284 2994 audisse
2318 2932 2430 2992 aut
2453 2927 2689 2993 vidisse

547 3034 734 3100 dicat.
801 3032 854 3100 Ο
891 3038 1203 3121 tempora,
1239 3058 1276 3100 o
1314 3036 1551 3101 11101881
1597 3034 1785 3100 Nihil
1819 3034 2091 3099 nimium
2127 3038 2312 3100 vetus
2350 3035 2687 3118 proferam.

549 3141 715 3207 Sunt
749 3146 1036 3208 vestrum
1083 3144 1363 3226 aliquam
1411 3142 1629 3224 multi,
1675 3141 1786 3224 qui
1822 3141 1893 3205 L.
1928 3141 2283 3206 Pisonem
2329 3140 2689 3225 cognorint,
2715 3160 2770 3201 25

545 3249 738 3314 huius
774 3249 845 3314 L.
874 3249 1156 3332 Pisonis,
1201 3250 1314 3332 qui
1360 3252 1619 3333 praetor
1661 3247 1814 3332 fuit,
1850 3251 2116 3332 patrem.
2188 3248 2300 3332 Ei,
2337 3268 2483 3312 cum
2523 3251 2691 3312 esset

548 3356 617 3420 in
660 3354 974 3440 Hispania
1018 3358 1303 3439 praetor,
1349 3376 1474 3438 qua
1518 3356 1588 3418 in
1633 3356 1959 3437 provincia
2005 3342 2247 3421 occisus
2296 3358 2419 3439 est,
2471 3354 2687 3418 nescio

549 3484 677 3546 quo
724 3466 942 3546 pacto,
988 3462 1141 3526 dum
1188 3462 1379 3527 armis
1428 3467 1783 3546 exercetur,
1830 3465 2101 3527 anulus
2151 3483 2451 3545 aureus,
2496 3482 2687 3545 quem

544 3569 853 3654 habebat,
897 3569 1194 3635 fractus
1243 3573 1316 3634 et
1362 3570 1872 3634 comminutus
1922 3572 2050 3633 est.
2128 3567 2289 3633 Cum
2334 3569 2530 3633 vellet
2564 3567 2688 3632 sibi

546 3678 810 3741 anulum
856 3662 1092 3759 facere,
1138 3676 1463 3742 aurificem
1509 3678 1697 3741 iussit
1733 3676 1943 3741 vocari
1988 3676 2058 3739 in
2093 3676 2308 3740 forum
2346 3676 2425 3740 ad
2464 3676 2686 3740 sellam
2714 3693 2774 3735 ao

548 3781 876 3847 Cordubae
940 3786 1006 3848 et
1068 3785 1281 3867 palam
1347 3784 1655 3868 appendit
1718 3806 1971 3866 aurum3
2034 3783 2364 3849 hominem
2429 3783 2498 3846 in
2550 3782 2688 3846 foro

545 3890 725 3954 iubet
798 3891 1021 3955 sellam
1093 3913 1330 3974 ponere
1404 3895 1469 3955 et
1540 3891 1749 3955 facere
1823 3893 2087 3955 anulum
2152 3890 2447 3955 omnibus
2512 3911 2689 3972 prae-

546 3997 852 4063 sentibuS.
923 3996 1217 4062 Nimium
1254 3998 1526 4062 fortasse
1573 3998 1743 4062 dicet
1789 3998 2019 4081 aliquis
2065 3997 2240 4061 hunc
2287 3998 2688 4083 diligentem3

543 4105 853 4170 hactenus
896 4104 1348 4189 reprehendet,
1393 4105 1448 4168 si
1495 4105 1607 4188 qui
1652 4106 1853 4188 volet,
1888 4104 2054 4167 nihil
2090 4103 2384 4186 amplius.
2444 4101 2688 4166 Verum

544 4211 671 4274 fuit
716 4212 774 4275 ei
821 4200 1323 4294 concedendum3
1370 4211 1540 4274 filius
1591 4211 1760 4274 enim
1797 4210 1868 4274 L.
1907 4210 2154 4273 Pisonis
2194 4212 2356 4292 erat,
2403 4208 2536 4272 eius
2577 4206 2689 4291 qui
2715 4226 2770 4267 οδ
