3175 4800
450 715 515 762 15

451 1570 515 1618 16

454 3282 518 3329 17

553 323 643 387 24
1214 321 1307 374 III.
1347 322 1431 375 De
1470 321 1661 391 signis.
1724 321 2051 389 (Auswahl.)

552 484 860 567 potestati
915 487 1094 568 tuae,
1162 484 1273 548 sed
1332 484 1526 549 etiam
1586 484 1739 549 fidei
1796 486 2076 570 populus
2137 483 2467 549 Romanus
2529 506 2699 550 com-

553 590 841 674 miserat,
886 591 1268 673 eripuisse
1315 595 1545 674 atque
1593 592 2032 657 abstulisse.

732 695 902 774 Quid
948 698 1110 761 mih'i
1169 702 1303 762 tam
1366 699 1751 782 optandum,
1814 699 2085 782 iudices,
2147 702 2364 784 potest
2429 720 2567 764 esse
2631 700 2701 763 in

552 804 677 869 hoc
725 805 1018 887 crimine,
1064 826 1257 888 quam
1295 809 1370 869 ut
1414 806 1601 870 haec
1648 806 1903 870 eadem
1952 805 2160 870 dicat
2204 806 2368 890 ipse
2415 804 2700 870 Heius?

552 910 739 975 Nihil
809 911 1127 994 profect03
1201 911 1312 976 sed
1383 934 1466 976 ne
1539 912 1832 977 difficilia
1903 916 2215 996 optemus.
2323 911 2527 977 Heius
2601 917 2700 977 est
2730 933 2754 974 5

553 1017 1001 1102 Mamertinus3
1059 1018 1443 1083 Mamertina
1504 1019 1732 1084 civitas
1795 1019 1990 1084 istum
2052 1019 2311 1102 publice
2372 1020 2700 1084 communi

555 1125 825 1190 consilio
874 1126 1012 1189 sola
1055 1125 1304 1211 laudat3
1351 1127 1652 1192 omnibus
1698 1127 1820 1191 iste
1859 1126 2086 1191 ceteris
2125 1124 2359 1192 Siculis
2398 1127 2545 1192 odio
2585 1131 2701 1210 est,

553 1232 634 1296 ab
680 1232 782 1296 his
830 1233 982 1297 solis
1031 1236 1308 1316 amatu13
1350 1233 1484 1297 eius
1524 1236 1740 1298 autem
1775 1234 2147 1319 legationis,
2184 1256 2347 1318 quae
2385 1233 2465 1297 ad
2495 1233 2699 1298 'istum

551 1339 944 1403 laudandum
1008 1340 1204 1403 missa
1268 1344 1366 1404 est
1374 1390 1393 1423 ,
1454 1340 1753 1425 princeps
1805 1345 1924 1406 ,est
1982 1340 2186 1405 Heius
2262 1339 2529 1427 (etenim
2603 1344 2702 1404 est

553 1447 798 1530 primus
838 1443 1173 1532 civitatis):
1217 1470 1299 1511 ne
1335 1448 1532 1531 forte,
1577 1448 1732 1512 dum
1769 1448 2044 1533 publicis
2084 1448 2402 1512 mandatis
2442 1448 2697 1529 serviat,
2727 1470 2780 1508 10

554 1553 632 1618 de
677 1554 944 1638 privatis
991 1554 1240 1619 iniuriis
1273 1555 1578 1620 reticeat.
1670 1554 1848 1620 Haec
1908 1577 2056 1621 cum
2117 1556 2344 1620 scirem
2406 1559 2471 1619 et
2530 1555 2701 1640 cogi-

553 1665 785 1744 tarem,
859 1663 1153 1727 commisi
1226 1667 1470 1746 tamen,
1542 1663 1813 1745 iudices,
1875 1662 2072 1746 Heio,
2144 1663 2419 1747 produxi
2458 1663 2702 1747 prima

554 1769 833 1851 actione,
885 1790 1094 1851 neque
1148 1769 1215 1832 id
1270 1773 1489 1832 tamen
1540 1771 1678 1833 ullo
1733 1770 2020 1851 periculo
2080 1771 2221 1834 feci.
2314 1769 2484 1846 Quid
2531 1768 2701 1834 enim

553 1878 807 1958 poterat
879 1873 1083 1938 Heius
1155 1875 1570 1957 respondere,
1653 1875 1708 1938 si
1782 1878 1949 1939 esset
2017 1876 2383 1958 improbus,
2466 1876 2521 1939 si
2603 1876 2703 1940 sui

555 1980 926 2046 dissimilis?
997 1979 1158 2045 Esse
1221 1981 1335 2045 illa
1399 1982 1586 2067 signa
1651 1981 1826 2046 domi
1890 2001 2069 2063 suae,
2131 2002 2265 2043 non
2328 2001 2466 2044 esse
2531 1980 2701 2064 apud
2732 2000 2781 2038 15

555 2088 866 2153 Verrem?
957 2072 1083 2165 Qui
1140 2092 1396 2174 poterat
1457 2088 1803 2172 quicquam
1860 2087 1995 2151 eius
2046 2086 2223 2150 modi
2270 2085 2521 2150 dicere?
2609 2085 2704 2151 Ut

553 2195 749 2260 homo
824 2196 1233 2279 turpissimus
1309 2201 1478 2261 esset
1548 2194 2232 2280 impudentissimeque
2305 2192 2703 2275 mentiretur,

553 2301 677 2365 hoc
725 2302 989 2384 diceret,
1033 2303 1146 2366 illa
1191 2324 1257 2366 se
1312 2304 1615 2367 habuisse
1662 2303 1936 2383 venalia,
1996 2323 2196 2384 eaque
2254 2321 2418 2381 sese,
2478 2299 2701 2383 quanti

554 2410 858 2493 voluerit,
900 2409 1280 2475 vendidisse.
1371 2409 1587 2474 Homo
1637 2409 1813 2473 domi
1859 2430 2010 2472 suae
2060 2408 2530 2489 nobilissimuS,
2590 2406 2701 2488 qui

554 2539 669 2581 vos
717 2517 795 2584 de
839 2517 1151 2602 religione
1199 2537 1314 2580 sua
1351 2538 1425 2582 ac
1463 2516 1777 2601 dignitate
1814 2538 1961 2579 vere
1999 2515 2384 2579 existumare
2422 2513 2700 2577 maxime
2728 2531 2781 2571 20

555 2625 777 2706 vellet,
830 2622 1074 2706 primo
1136 2623 1321 2686 dixit.
1362 2643 1438 2686 se
1484 2623 1718 2686 istum
1773 2622 2082 2707 publice
2126 2621 2469 2704 laudare,
2529 2619 2702 2704 quod

557 2731 680 2795 sibi
724 2730 817 2793 ita
861 2728 1235 2792 mandatum
1282 2732 1477 2811 esset3
1537 2728 1810 2793 deinde
1867 2750 2113 2812 neque
2159 2749 2237 2793 se
2281 2728 2422 2792 illa
2466 2726 2702 2791 habu'-

555 2838 707 2901 isse
765 2834 1081 2916 venalia·
1125 2855 1370 2917 neque
1433 2836 1569 2899 ulla
1630 2835 2033 2919 condicione,
2097 2835 2180 2918 si,
2225 2838 2451 2899 utrum⁴
2490 2834 2704 2916 vellet,

554 2945 802 3026 liceret,
862 2941 1135 3007 adduci
1192 2946 1567 3025 umquam
1607 2943 1987 3026 potuisse,
2031 2947 2115 3007 ut
2159 2941 2526 3007 venderet
2571 2941 2703 3022 illa,
2776 2944 2791 2952 ”“

557 3072 719 3133 quae
791 3050 861 3114 in
906 3050 1181 3115 sacrario
1254 3049 1529 3115 fuissent
1603 3073 1640 3113 a
1711 3050 2062 3114 maioribus
2136 3050 2267 3114 suis
2341 3048 2565 3112 relicta
2638 3050 2704 3110 et
2731 3066 2782 3105 25

555 3156 807 3221 tradita.

736 3262 904 3341 Quid
951 3264 1159 3345 sedeS,
1196 3262 1473 3327 Verres?
1534 3261 1702 3338 Quid
1750 3261 2093 3345 expectas?
2152 3260 2320 3338 Quid
2366 3265 2431 3325 te
2470 3283 2508 3324 a
2546 3258 2702 3324 Cen-

556 3371 841 3454 turipina
888 3369 1174 3452 civitate,
1220 3393 1257 3434 a
1305 3367 1659 3451 Catinensi,
1704 3370 1785 3434 ab
1822 3368 2170 3434 Halaesina
2185 3417 2203 3451 ,
2248 3368 2703 3452 Tyndaritana,

558 3477 909 3561 Hennensi,
935 3476 1327 3564 Agyrinensi
1364 3476 1718 3560 ceterisque
1740 3476 1994 3542 Siciliae
2029 3476 2397 3542 civitatibus
2437 3475 2702 3539 circum-

557 3586 762 3667 veniri
826 3589 1018 3669 atque
1085 3585 1363 3668 opprimi
1437 3583 1638 3649 dicis?
1728 3585 1885 3649 Tua
1957 3589 2031 3647 te
2106 3584 2350 3647 altera
2422 3581 2703 3664 patria,
2731 3600 2783 3639 80

561 3716 753 3778 quem
791 3692 872 3757 ad
908 3692 1172 3757 modum
1212 3692 1420 3755 dicere
1458 3691 1738 3774 solebas,
1773 3691 2121 3756 Messana
2168 3689 2702 3771 circumvenit,

559 3805 700 3884 tua,
745 3801 1036 3883 inquam,
1081 3798 1401 3879 Messana,
1447 3802 1709 3862 tuorum
1756 3798 2037 3862 adiutrix
2096 3799 2436 3880 scelerum,
2492 3795 2702 3860 libidi-
2736 3883 2741 3887 ι

559 3931 717 3972 num
790 3906 1002 3989 testis,
1064 3906 1445 3989 praedarum
1518 3926 1592 3969 ac
1664 3905 1986 3969 furtorum
2071 3903 2408 3987 receptrix.
2499 3900 2703 3966 Adest

561 4015 732 4080 enim
777 4013 878 4078 vir
937 4013 1369 4096 amplissimus
1430 4011 1565 4077 eius
1624 4012 1901 4076 civitatis
1946 4012 2198 4097 legatus
2243 4010 2440 4074 huius
2483 4008 2704 4073 iudicii
2819 4033 2826 4039 ·

563 4144 753 4187 causa
826 4120 1017 4184 domo
1090 4121 1353 4202 missus,
1415 4120 1712 4202 princeps
1775 4117 2162 4181 laudationis
2226 4122 2403 4199 tuae,
2462 4116 2574 4199 qui
2637 4118 2703 4179 te
2731 4134 2784 4174 85
