3175 4800
453 1324 522 1372 49

455 1450 521 1498 51

456 1758 523 1805 52

457 2719 525 2767 53

559 400 643 464 86
1153 395 1246 450 IV.
1285 397 1370 450 De
1410 396 1719 466 suppliciis,
1778 395 2103 465 (Auswahl.)

556 560 792 643 tinos,
839 584 876 624 a
924 581 1050 643 quo
1101 581 1425 624 summum
1471 560 1857 625 beneficium
1906 564 2311 644 acceperant,
2351 582 2541 644 quem
2581 561 2709 624 sibi

558 667 925 732 amiciorem
974 689 1166 751 quam
1213 669 1456 754 populo
1505 665 1799 732 Romano
1849 687 1985 731 esse
2034 671 2498 752 cognoverant,
2545 668 2708 732 eius

561 774 800 858 capiti
864 775 1166 840 litteris
1228 775 1391 839 suis
1449 775 1910 859 pepercisse.
2015 773 2140 838 Sed
2207 775 2263 838 si
2327 778 2705 859 argumento

558 885 656 945 est
700 881 1118 947 Mamertinos
1167 881 1288 946 tibi
1333 882 1672 966 pecuniam
1711 904 1844 946 non
1882 881 2158 965 dedisse,
2205 882 2356 965 quia
2394 881 2705 965 scriptum

558 1010 691 1052 non
734 988 1005 1072 habent,
1053 990 1137 1054 sit
1184 994 1564 1075 argumento
1613 989 1736 1054 tibi
1781 988 1981 1075 gratis
2031 992 2199 1053 stare
2235 1011 2493 1071 navem,
2540 987 2709 1071 quia,
2739 1011 2764 1049 5

560 1095 739 1178 quid
800 1096 1070 1162 emeris
1133 1100 1265 1160 aut
1320 1098 1505 1180 quid
1551 1097 1877 1179 locaris,
1939 1096 2312 1179 scriptum
2361 1096 2709 1179 proferre

559 1225 710 1266 non
754 1208 997 1287 potes.

738 1307 910 1391 Dafs
947 1312 1045 1375 die
1072 1312 1492 1375 Mamertiner
1527 1311 1624 1374 als
1661 1310 2021 1374 Fe'dem'erte
2056 1310 2227 1375 nieht
2261 1311 2712 1393 heranyezeyen

561 1418 804 1480 werden
859 1417 1134 1500 durften,
1192 1416 1422 1498 Schiffe
1476 1438 1554 1481 zu
1609 1416 1843 1496 stellen,
1898 1418 1982 1482 ist
2035 1419 2167 1481 eine
2219 1418 2485 1500 niehtiye
2544 1416 2711 1481 Aus-

559 1522 729 1599 rede;
775 1525 877 1589 die
913 1523 1191 1607 Stelluny
1235 1525 1566 1591 umerblieb
1604 1524 1910 1603 vielmehr‚
1957 1525 2098 1590 weil
2140 1524 2355 1590 Verres
2398 1527 2512 1607 fu'r
2552 1522 2712 1587 Gela
2740 1546 2792 1584 10

560 1631 811 1713 darauf
843 1632 1207 1697 verziehtete.

738 1737 1032 1821 Denique
1094 1761 1240 1803 cum
1290 1762 1368 1803 ex
1415 1742 1674 1803 senatus
1724 1740 2019 1803 consulto
2066 1740 2351 1822 itemque
2400 1761 2487 1802 ex
2540 1739 2711 1822 1686

561 1842 926 1907 Terentia
991 1848 1062 1908 et
1128 1843 1390 1908 Cassia
1453 1845 1921 1908 frumentum
1988 1845 2505 1928 aequabiliter
2567 1844 2709 1907 emi

560 1949 640 2013 ab
707 1949 1003 2013 omnibus
1072 1948 1327 2014 Siciliae
1393 1950 1762 2015 civitatibus
1829 1955 2258 2034 oporteret,
2320 1951 2388 2013 id
2453 1970 2708 2033 quoque

559 2076 794 2119 munus
839 2057 981 2120 leve
1029 2061 1221 2139 atque
1269 2078 1609 2121 commune
1646 2057 2045 2122 Mamertinis
2092 2057 2413 2122 remisisti.
2478 2055 2707 2119 Dices
2740 2075 2790 2115 15

560 2162 1024 2227 frumentum
1098 2164 1599 2230 Mamertinos
1674 2186 1824 2229 non
1873 2165 2188 2229 debere.
2300 2163 2441 2241 Quo
2516 2163 2709 2227 modo

560 2291 693 2333 non
742 2270 1020 2334 debere?
1111 2270 1219 2335 An
1273 2275 1347 2336 ut
1384 2295 1465 2336 ne
1512 2271 1905 2336 venderent?
1994 2270 2148 2336 Non
2195 2270 2366 2335 enim
2406 2273 2541 2334 erat
2586 2269 2712 2334 hoc

561 2397 764 2462 genus
810 2376 1119 2444 frumenti
1166 2403 1244 2443 ex
1291 2402 1365 2444 eo
1405 2402 1666 2465 genere,
1704 2379 1876 2462 quod
1916 2379 2305 2464 exigeretur,
2352 2377 2461 2442 sed
2501 2399 2579 2441 ex
2617 2398 2713 2459 ec,

565 2486 736 2567 quod
793 2489 1122 2550 emeretur.
1217 2486 1307 2550 Te
1362 2487 1564 2573 igitur
1619 2489 1879 2551 auctore
1937 2491 2001 2550 et
2047 2487 2394 2569 interprete
2440 2507 2520 2549 ne
2566 2484 2709 2548 foro

565 2591 820 2684 quidem
879 2596 941 2656 et
998 2597 1361 2658 commeatu
1414 2593 1782 2657 Mamertini
1833 2593 2051 2657 iuvare
2106 2593 2420 2677 populum
2479 2590 2712 2656 Roma·
2741 2612 2793 2650 20

561 2720 716 2761 num
766 2698 1139 2764 debuerunt.
1216 2699 1393 2776 Quae
1440 2701 1700 2765 tandem
1749 2700 1973 2765 civitas
2011 2700 2165 2781 fuit,
2213 2722 2375 2782 quae
2414 2698 2716 2763 deberet?

563 2803 706 2882 Qui
764 2799 1118 2888 publicos
1181 2829 1403 2892 agros
1453 2810 1700 2890 arant,
1757 2810 2000 2871 certum
2051 2810 2175 2890 est,
2238 2806 2417 2889 quid
2466 2829 2499 2870 e
2543 2807 2713 2890 lege

564 2913 919 2977 censoria
975 2912 1328 2998 debeant3
1383 2936 1498 2979 cur
1540 2914 1643 2978 his
1694 2914 2041 2999 quicquam
2086 2918 2416 2998 praeterea
2464 2936 2541 2977 ex
2587 2913 2711 2976 alio

564 3042 795 3106 genere
877 3020 1316 3104 imperavisti?
1443 3021 1656 3099 Quid?
1772 3017 2193 3108 Decumsani
2275 3043 2446 3084 num
2533 3018 2711 3101 quid

563 3132 869 3211 praeter
928 3128 1275 3214 singulas
1343 3130 1696 3194 decumas
1754 3151 1840 3192 ex
1899 3129 2068 3213 lege
2114 3126 2529 3191 Hieronica
2589 3126 2710 3189 de·
2739 3143 2791 3183 25

563 3234 789 3297 bent‘?
877 3233 1004 3299 Gur
1037 3236 1139 3300 his
1190 3258 1446 3320 quoque
1494 3235 1806 3318 statuisti,
1853 3238 2164 3317 quantum
2206 3255 2284 3297 ex
2319 3233 2445 3297 hoc
2482 3255 2714 3318 genere

564 3341 872 3404 frumenti
919 3343 1118 3424 empti
1157 3342 1424 3407 darent?
1489 3341 1683 3419 Quid
1729 3339 2146 3405 immunes?
2216 3338 2304 3403 Hi
2344 3344 2513 3404 certe
2549 3340 2714 3404 nihil

568 3448 817 3512 debent.
908 3446 999 3512 At
1055 3449 1144 3520 eis
1198 3472 1332 3513 non
1387 3450 1579 3515 modo
1627 3448 1985 3533 imperasti,
2038 3470 2259 3510 verum
2309 3447 2528 3529 etiam,
2583 3468 2711 3530 quo

566 3557 711 3639 plus
751 3556 1002 3639 darent,
1049 3578 1241 3640 quam
1279 3561 1607 3641 poterant,
1642 3556 1801 3620 haec
1841 3576 2156 3639 sexagena
2191 3553 2371 3617 milia
2406 3553 2715 3635 modium,

569 3687 729 3747 quae
786 3663 1184 3728 Mamertinis
1245 3664 1579 3728 remiseras
1591 3713 1609 3747 ,
1669 3661 1985 3727 addidisti.
2077 3658 2306 3742 Neque
2364 3659 2491 3725 hoc
2552 3660 2714 3743 dioc,
2742 3679 2794 3717 30

569 3771 796 3837 ceteris
851 3777 983 3834 non
1027 3775 1200 3836 recte
1264 3772 1680 3855 imperatum,
1727 3769 1837 3833 sed
1883 3766 2282 3832 Mamertinis
2293 3818 2311 3850 ,
2368 3769 2478 3851 qui
2536 3770 2714 3832 erant

567 3880 637 3943 in
697 3878 915 3943 eadem
977 3900 1194 3961 causa,
1255 3882 1318 3942 et
1385 3878 1618 3962 quibus
1685 3876 2041 3960 superiores
2108 3895 2329 3940 omnes
2389 3878 2711 3958 praetores

567 3988 721 4051 item
780 3990 853 4050 ut
910 3985 1134 4050 ceteris
1181 3985 1573 4069 imperarant
1620 3983 2089 4068 pecuniamque
2137 4004 2215 4046 ex
2262 3985 2519 4046 senatus
2568 4001 2713 4044 con-

570 4096 739 4161 sulto
780 4098 843 4159 et
882 4117 962 4158 ex
994 4094 1139 4178 lege
1178 4092 1631 4175 dissolverant,
1666 4090 1769 4154 his
1810 4091 1951 4155 (1160
1990 4112 2121 4155 11011
2158 4092 2329 4153 recte
2357 4088 2713 4152 remissum.

527 4202 657 4265 ·Et
711 4206 785 4265 ut
838 4201 963 4265 hoc
1019 4189 1433 4283 beneficium,
1492 4221 1681 4282 quem
1731 4198 1810 4262 ad
1857 4197 2120 4262 modum
2170 4196 2430 4279 dicitur,
2484 4193 2716 4259 trabali
2744 4212 2795 4252 85
