3175 4800
1461 375 1709 425 54—59.
2569 374 2655 439 39

512 532 757 615 primus
825 532 902 596 de
965 532 1255 616 pecuniis
1318 533 1691 616 repetundis
1753 535 1963 618 legem
2027 534 2195 597 tulit.
2287 531 2654 599 Ridiculum
2695 550 2762 599 5⁷

516 642 613 703 est
684 661 788 703 me
859 659 1034 702 nunc
1107 638 1184 702 de
1232 636 1433 704 Verre
1506 640 1746 724 dicere,
1808 661 1951 704 cum
2019 639 2097 705 de
2161 639 2395 706 Pisone
2458 640 2658 729 Frugi

516 744 813 830 dixerim3
871 766 1096 810 verum
1155 750 1402 830 tamen,
1462 751 1776 830 quantum
1836 746 2119 830 intersit,
2175 747 2405 813 videte.
2494 747 2609 813 Ist
2623 770 2658 812 e

513 873 660 916 cum
708 852 956 935 aliquot
1002 852 1348 917 abacorum
1392 853 1633 919 faceret
1675 875 1830 918 vasa
1874 876 2093 937 aurea,
2144 876 2296 918 non
2352 854 2658 919 labora-

460 978 484 1018 5
511 958 651 1041 vit,
712 958 892 1041 quid
949 980 1084 1023 non
1141 959 1334 1023 modo
1381 960 1450 1023 in
1497 959 1744 1044 Sicilia,
1786 982 2010 1024 verum
2058 961 2252 1025 etiam
2299 959 2544 1025 Romae
2589 961 2660 1025 in

511 1064 748 1129 iudicio
798 1064 1125 1149 audiret3
1185 1066 1322 1129 ille
1381 1064 1450 1129 in
1508 1066 1649 1130 auri
1708 1067 2034 1131 semuncia
2092 1070 2332 1132 totam
2378 1065 2658 1151 Hispa-

510 1171 711 1235 niam
758 1172 954 1237 scire
989 1173 1270 1256 voluit,
1305 1173 1475 1237 unde
1501 1174 1785 1258 praetori
1813 1175 2042 1238 anulus
2071 1174 2269 1238 fieret.
2331 1173 2658 1239 Nimirum

512 1282 587 1343 ut
631 1277 739 1342 hic
782 1300 1022 1344 nomen
1067 1301 1257 1343 suum
1305 1280 1758 1364 conprobavit,
1803 1281 1896 1346 sic
1939 1281 2051 1345 ille
2098 1302 2475 1366 cognomen.

689 1384 890 1450 Nullo
938 1386 1131 1450 modo
1178 1407 1444 1470 possum
1493 1387 1712 1452 omnia
1755 1387 1943 1452 istius
1988 1388 2162 1452 facta
2203 1392 2315 1453 aut
2351 1376 2660 1454 memoria

509 1599 677 1665 viter
708 1588 1067 1685 attingere,
1113 1603 1186 1663 ut
1230 1600 1339 1664 hic
1382 1600 1578 1664 modo
1625 1623 1729 1664 me
1776 1602 2177 1665 commonuit
2213 1600 2464 1665 Pisonis
2506 1623 2660 1664 anu·

509 1706 610 1771 lus
622 1755 643 1790 ,
702 1706 876 1789 quod
934 1709 1143 1771 totum
1195 1706 1552 1771 effluxerat.
1644 1705 1852 1784 Quam
1898 1707 2121 1772 multis
2168 1707 2368 1772 istum
2414 1708 2658 1791 putatis

510 1811 882 1878 hominibus
941 1812 1231 1878 honestis
1299 1813 1376 1878 de
1438 1812 1658 1899 digitis
1705 1815 1933 1879 anulos
1980 1813 2367 1879 abstulisse?
2454 1813 2661 1879 Num-

512 1940 706 2003 quam
753 1919 1100 2004 dubitavit,
1147 1920 1723 2004 quotienscumque
1771 1921 2040 1986 alicuius
2088 1925 2201 1986 aut
2245 1942 2501 2006 gemma
2546 1925 2658 1985 aut

431 2043 482 2084 ιδ
510 2027 703 2091 anulo
765 2027 1118 2091 delectatus
1180 2031 1293 2092 est.
1384 2026 1768 2093 Incredibile
1816 2028 2053 2119 dicam,
2096 2027 2209 2093 sed
2254 2028 2346 2091 ita
2392 2029 2656 2111 clarum,

508 2136 584 2197 ut
628 2133 843 2216 ipsum
886 2137 1274 2220 negaturum
1320 2155 1454 2198 11011
1499 2134 1787 2198 arbitrer.
1881 2133 2043 2198 Cum
2089 2133 2474 2216 Valentio,
2520 2134 2656 2197 eius

510 2238 873 2323 interpreti,
932 2241 1210 2324 epistula
1253 2238 1614 2326 Agrigento
1678 2241 1873 2305 allata
1932 2244 2127 2324 esset,
2190 2261 2342 2304 casu
2401 2239 2658 2324 signum

509 2346 632 2412 iste
692 2345 980 2412 animum
1041 2347 1316 2414 advertit
1375 2347 1445 2412 in
1508 2347 1769 2414 cretula.
1861 2346 2114 2413 Placuit
2175 2346 2259 2432 ei3
2326 2347 2661 2432 quaesivit,

508 2454 677 2519 unde
739 2459 908 2520 esset
971 2456 1272 2540 epistula3
1332 2455 1667 2539 respondit
1729 2453 2107 2542 Agrigento.
2196 2453 2327 2519 Iste
2390 2454 2660 2539 litteras,

430 2579 483 2619 20
511 2561 592 2625 ad
641 2583 801 2645 quos
849 2562 1127 2646 solebat,
1173 2562 1378 2645 misit,
1421 2565 1496 2625 ut
1541 2562 1596 2626 is
1644 2559 1873 2627 anulus
1923 2563 2003 2626 ad
2049 2584 2116 2626 se
2153 2561 2362 2645 primo
2403 2583 2660 2645 quoque

509 2670 800 2752 tempore
872 2669 1243 2735 adferretur.
1360 2667 1462 2733 Ita
1533 2668 1767 2733 litteris
1840 2669 2027 2735 istius
2110 2668 2279 2754 patri
2360 2667 2661 2751 familias,

508 2773 580 2840 L.
619 2773 820 2858 Titio,
880 2775 1006 2839 civi
1064 2774 1387 2859 Romano,
1446 2777 1677 2839 anulus
1745 2776 1822 2840 de
1883 2775 2086 2861 digito
2154 2776 2475 2840 detractus
2545 2779 2659 2841 est.

512 2878 633 2945 Illa
675 2901 827 2944 vero
877 2881 1012 2944 eius
1060 2881 1376 2965 cupiditas
1423 2881 1817 2946 incredibilis
1865 2886 1979 2946 est.
2069 2881 2242 2947 Nam
2287 2886 2363 2946 ut
2420 2883 2490 2946 in
2534 2883 2660 2947 sin-

511 2987 665 3072 gula
738 2986 1092 3069 conclavia,
1165 3008 1329 3071 quae
1400 2987 1524 3052 iste
1596 3009 1731 3051 non
1794 2987 1986 3051 modo
2052 2986 2325 3070 Romae,
2403 2988 2513 3052 sed
2591 2989 2660 3052 in

430 3110 480 3151 2⁶
511 3093 810 3158 omnibus
873 3092 1045 3159 villis
1104 3092 1303 3158 habet
1310 3142 1329 3177 ,
1405 3079 1784 3179 trigeminos
1848 3095 2049 3158 lectos
2117 3092 2358 3178 optime
2425 3096 2659 3159 stratos

511 3221 656 3264 cum
707 3200 933 3265 ceteris
983 3200 1374 3265 ornamentis
1414 3200 1696 3267 convivii
1734 3203 2096 3284 quaereret,
2129 3199 2404 3265 nimium
2450 3200 2657 3265 multa

511 3328 856 3391 conparare
915 3307 1254 3371 videretur.
1357 3306 1559 3372 Nulla
1635 3308 1863 3372 domus
1937 3307 2006 3371 in
2080 3305 2300 3372 Sicilia
2370 3307 2657 3392 locuples

433 1510 485 1550 ιο
513 1493 820 1576 consequi
878 1496 992 1558 aut
1039 1493 1329 1557 oratione
1376 1494 1748 1581 complecti3
1808 1516 2042 1580 genera
2096 1495 2238 1578 ipsa
2284 1495 2473 1578 cupio
2520 1495 2659 1559 bre·
2760 1500 2765 1505 ’

2696 2150 2765 2201 58

507 3413 660 3496 fuit,
722 3413 836 3478 ubi
899 3413 1021 3478 iste
1087 3436 1222 3478 11011
1294 3415 1647 3479 textrinum
1720 3414 2091 3479 instituerit.
2200 3414 2482 3479 Mulier
2554 3419 2652 3480 est
2689 3431 2764 3481 59-

510 3519 929 3606 Segestana
986 3520 1279 3604 perdives
1340 3525 1406 3585 et
1462 3520 1730 3605 nobilis,
1782 3520 2008 3585 Lamia
2051 3521 2340 3605 nomine;
2384 3544 2501 3605 per
2544 3521 2657 3585 tri-

430 3644 483 3685 30
510 3627 772 3691 ennium
836 3627 945 3692 isti
1008 3630 1200 3713 plena
1265 3627 1456 3692 domo
1520 3629 1794 3693 telarum
1869 3629 2296 3713 stragulam
2370 3631 2657 3692 vestem

511 3733 879 3817 confecit,
920 3734 1087 3799 nihil
1131 3734 1258 3799 nisi
1315 3734 1655 3818 conchylio
1701 3735 2005 3818 tinctum3
2062 3733 2403 3818 Attalus,
2459 3734 2657 3799 homo

509 3840 923 3924 pecuniosus,
979 3839 1190 3925 Neti,
1247 3841 1418 3925 Lyso
1464 3840 1788 3925 Lilybaei,
1846 3839 2163 3906 Critolaus
2211 3840 2487 3926 Aetnae,
2543 3840 2658 3926 Sy·

508 3946 748 4011 racusis
786 3944 1127 4031 Aeschrio,
1166 3946 1566 4031 Cleomenes,
1604 3947 2104 4032 Theomnastus,
2148 3947 2374 4012 Helori
2411 3947 2656 4011 Archo·

510 4052 690 4117 nidas
739 4090 823 4100 —
872 4053 1004 4119 dies
1064 4077 1167 4119 me
1215 4055 1402 4119 citius
1451 4055 1754 4119 defecerit
1812 4077 2005 4139 quam
2050 4054 2330 4119 nomina.
2380 4090 2463 4098 —
2509 4050 2659 4134 Ipse

435 4174 486 4216 οῦ
514 4157 705 4223 dabat
764 4183 1143 4245 purpuram,
1201 4164 1454 4226 tantum
1520 4184 1781 4245 operam
1846 4161 2052 4229 amici.
2097 4196 2187 4207 —
2234 4157 2463 4239 Ored03
2527 4156 2657 4220 iam
