3175 4800
554 372 682 436 120
1148 367 1241 421 IV.
1280 368 1365 420 De
1404 365 1715 434 suppliciis,
1773 366 2099 435 (Auswahl.)

549 554 682 596 non
726 531 796 594 in
838 530 1065 594 rostris
1114 528 1433 615 defigere?
1520 528 1708 605 Quod
1756 529 1925 593 enim
1970 529 2073 595 his
2119 528 2279 594 locis
2326 528 2397 592 in
2442 529 2698 613 provin-

552 638 650 703 cia
697 659 812 702 sua
859 637 1228 702 celebritate
1276 636 1705 719 simillimum,
1750 636 2012 722 regione
2059 636 2426 720 proximum
2465 635 2700 718 potuit,

552 744 776 831 elegit3
820 747 1310 808 monumentum
1351 742 1606 808 sceleris
1646 743 2074 825 audaciaeque
2113 764 2264 807 suae
2302 742 2510 807 voluit
2561 762 2698 807 esse

550 851 620 915 in
693 854 1042 934 conspectu
1101 848 1355 934 Italiae,
1425 851 1747 916 vestibulo
1809 848 2092 933 Siciliae,
2151 849 2698 933 praetervectione

551 957 867 1041 omnium,
915 956 1025 1041 qui
1071 959 1243 1022 ultro
1292 956 1581 1042 citroque
1626 957 2020 1042 navigarent.
2719 976 2743 1016 6

411 1080 509 1128 171
732 1062 802 1127 Si
837 1064 996 1128 haec
1031 1085 1183 1129 non
1229 1064 1318 1127 ad
1365 1064 1569 1129 cives
1608 1063 2018 1146 Romanos,
2063 1085 2211 1127 non
2258 1063 2345 1127 ad
2393 1063 2696 1147 aliquos

553 1170 840 1235 amicos
899 1174 1158 1236 nostrae
1218 1171 1524 1254 civitatis,
1581 1192 1732 1236 non
1792 1171 1881 1234 ad
1928 1192 2083 1254 eos,
2138 1171 2249 1253 qui
2295 1171 2521 1255 populi
2568 1171 2699 1235 Ro-

552 1276 729 1341 mani
791 1300 1028 1342 nomen
1093 1278 1447 1361 audissent,
1511 1266 1787 1359 denique
1852 1277 1908 1342 si
1968 1299 2118 1342 non
2171 1278 2271 1341 ad
2326 1277 2700 1361 homines,

551 1406 774 1448 verum
822 1384 902 1448 ad
948 1384 1215 1467 bestias,
1260 1388 1373 1449 aut
1417 1384 1641 1466 etiam,
1676 1386 1750 1447 ut
1793 1384 2050 1470 longius
2096 1384 2489 1470 progrediar,
2532 1384 2587 1448 si
2629 1385 2701 1449 in

554 1490 771 1573 aliqua
816 1490 1249 1555 desertissima
1294 1491 1642 1555 solitudine
1698 1489 1787 1554 ad
1845 1512 2024 1555 saxa
2070 1494 2146 1555 et
2191 1491 2280 1555 ad
2340 1492 2699 1575 scopulos
2731 1512 2786 1551 10

553 1597 712 1662 haec
759 1598 1065 1682 conqueri
1111 1619 1185 1663 ac
1224 1598 1625 1682 deplorare
1672 1598 1979 1681 vellem,
2015 1601 2233 1662 tamen
2270 1596 2485 1663 omnia
2521 1602 2703 1662 muta

554 1707 747 1787 atque
810 1704 1096 1769 inanima
1157 1707 1340 1770 tanta
1403 1708 1468 1769 et
1531 1708 1666 1769 tam
1731 1704 1997 1790 indigna
2067 1727 2281 1769 rerum
2355 1704 2703 1770 acerbitate

556 1815 1129 1876 commoverentur.
1219 1810 1414 1878 Nunc
1459 1834 1612 1877 vero
1661 1833 1807 1877 cum
1866 1812 2098 1894 loquar
2150 1810 2323 1896 apud
2376 1815 2701 1877 senatores

553 1918 782 2001 populi
840 1916 1146 2001 Romani,
1204 1919 1422 2004 legum
1485 1921 1550 1982 et
1609 1917 1995 1982 iudiciorum
2057 1921 2122 1982 et
2179 1918 2335 1982 iuris
2392 1922 2704 2002 auctores,

554 2024 781 2089 timere
839 2047 973 2089 non
1033 2025 1263 2109 debeo,
1321 2048 1402 2090 ne
1448 2047 1583 2089 non
1629 2045 1794 2090 unus
1842 2024 1964 2089 iste
2011 2024 2166 2090 civis
2215 2024 2545 2090 Romanus
2591 2026 2704 2090 illa
2733 2046 2783 2086 15

555 2152 742 2197 cruce
803 2132 1066 2218 dignus,
1125 2133 1320 2198 ceteri
1385 2154 1607 2198 omnes
1670 2132 1867 2196 simili
1926 2132 2212 2216 periculo
2273 2131 2703 2218 indignissimi

415 2252 514 2300 172
554 2239 934 2303 iudicentur.
1006 2238 1263 2304 ‘Paulo
1339 2242 1515 2322 ante,
1585 2238 1857 2322 iudices,
1928 2240 2304 2304 lacrumas
2371 2239 2438 2303 in
2497 2242 2705 2305 morte

555 2346 788 2411 misera
846 2350 1039 2431 atque
1099 2346 1364 2434 indigna
1421 2346 1892 2412 nauarchorum
1951 2368 2102 2412 non
2147 2346 2593 2412 tenebamus
2641 2350 2706 2412 et

554 2457 726 2519 recte
791 2475 865 2519 ac
928 2455 1158 2520 merito
1224 2455 1545 2520 sociorum
1606 2454 2046 2520 innocentium
2110 2455 2366 2520 miseria
2425 2436 2703 2520 commo·

554 2562 890 2646 vebamur3
938 2562 1120 2644 quid
1165 2584 1363 2626 nunc
1411 2562 1480 2625 in
1514 2565 1739 2626 nostro
1789 2562 2100 2648 sanguine
2145 2562 2405 2627 tandem
2452 2561 2704 2626 facere
2731 2582 2785 2621 20

557 2667 962 2732 debemus?
1050 2666 1219 2732 Nam
1285 2668 1521 2732 civium
1582 2668 2023 2734 Romanorum
2087 2669 2376 2734 omnium
2442 2669 2701 2754 sanguis

557 2774 937 2840 coniunctus
985 2774 1466 2840 existumandus
1515 2779 1640 2859 est,
1688 2775 1991 2859 quoniam
2040 2779 2104 2840 et
2150 2776 2375 2841 salutis
2413 2775 2698 2840 omnium

554 2882 720 2947 ratio
770 2886 834 2947 et
879 2882 1113 2947 veritas
1160 2884 1467 2966 postulat.
1542 2881 1780 2947 Omnes
1827 2883 1952 2947 hoc
1997 2885 2143 2948 loco
2191 2883 2360 2948 cives
2407 2881 2712 2965 Romani,

556 2993 621 3054 et
682 2990 793 3072 qui
853 2989 1085 3054 adsunt
1145 2993 1209 3054 et
1271 2991 1382 3073 qui
1440 2990 1681 3073 ubique
1741 2993 1921 3073 sunt,
1973 2994 2251 3054 vestram
2299 2991 2703 3054 severitatem

557 3097 946 3181 desiderant,
1006 3100 1282 3162 vestram
1345 3098 1538 3162 fidem
1604 3097 1960 3181 inplorant,
2032 3101 2315 3162 vestrum
2390 3096 2701 3160 auxilium
2733 3114 2786 3153 25

553 3204 918 3287 requirunt3
993 3204 1210 3267 omnia
1283 3225 1399 3268 sua
1472 3205 1640 3287 iura,
1713 3204 2078 3288 commoda,
2155 3202 2419 3286 auxilia,
2495 3205 2702 3266 totam

558 3310 832 3393 denique
868 3310 1233 3374 libertatem
1271 3311 1339 3373 in
1378 3311 1606 3375 vestris
1647 3311 1980 3375 sententiis
2018 3309 2259 3375 versari
2296 3310 2703 3375 arbitrantur.
2730 3326 2834 3379 4—-

416 3429 515 3477 173
555 3414 616 3480 A
664 3439 766 3481 me
812 3417 1071 3481 tametsi
1117 3417 1271 3480 satis
1320 3417 1589 3502 habent,
1634 3421 1876 3502 tamen,
1924 3419 1980 3483 si
2024 3439 2123 3482 res
2164 3418 2349 3482 aliter
2387 3416 2705 3498 acciderit,

554 3523 702 3608 plus
767 3523 1101 3589 habebunt
1163 3523 1463 3608 fortasse,
1528 3546 1721 3609 quam
1787 3527 2138 3609 postulant.
2229 3524 2403 3590 Nam
2447 3524 2706 3606 siqua

554 3631 669 3695 vis
718 3631 913 3696 istum
963 3633 1040 3696 de
1078 3636 1291 3696 vestra
1337 3631 1675 3696 severitate
1724 3631 2100 3716 eripuerit
2147 3629 2242 3719 (id
2286 3632 2461 3716 quod
2497 3651 2704 3713 neque
2732 3648 2788 3689 ⁸⁰

556 3742 774 3802 metuo
786 3788 805 3821 ,
857 3739 1127 3821 iudices,
1180 3760 1389 3821 neque
1444 3740 1578 3803 ullo
1637 3739 1828 3803 modo
1877 3738 2018 3802 fieri
2062 3760 2252 3820 posse
2299 3733 2535 3823 video),
2595 3736 2704 3802 sed

558 3845 622 3907 si
685 3845 755 3906 in
816 3845 941 3909 hoc
1006 3867 1108 3908 me
1171 3845 1370 3909 ratio
1432 3845 1841 3929 fefellerit,
1902 3844 2146 3910 Siculi
2209 3866 2466 3910 causam
2523 3866 2702 3909 suam

557 3952 797 4035 perisse
864 3955 1281 4034 querentur
1355 3956 1418 4017 et
1495 3974 1747 4017 mecum
1821 3953 2062 4036 pariter
2134 3955 2406 4017 moleste
2480 3951 2706 4032 ferent,

558 4061 887 4144 populus
951 4060 1208 4143 quidem
1269 4059 1653 4124 Romanus
1716 4060 1921 4144 brevi,
1969 4060 2273 4143 quoniam
2322 4057 2483 4123 mihi
2527 4060 2706 4142 pote·

560 4172 791 4232 statem
839 4167 1008 4251 apud
1057 4189 1124 4230 se
1171 4166 1401 4251 agendi
1448 4166 1650 4249 dedit,
1709 4167 1825 4231 ius
1875 4188 2088 4231 suum
2144 4190 2248 4232 me
2296 4167 2525 4251 agente
2573 4163 2704 4227 suis
2735 4182 2788 4221 35
