3175 4800
447 1214 516 1263 48

557 397 642 460 36
1155 475 1160 479 .
1208 392 1300 465 ΠΙ,
1339 393 1424 447 De
1462 393 1653 463 signis.
1711 393 2039 465 (Auswahl.)

555 557 700 644 chen
711 606 729 639 ,
774 559 914 622 dem
959 557 1237 621 materen
1281 557 1384 621 ein
1425 556 2001 640 Weihrauchyefc’iss
2051 557 2484 642 (tmibulum);
2527 578 2695 641 qam:

555 664 875 730 besonders
936 665 1064 747 auf
1114 663 1310 729 solche
1369 682 1450 728 zu
1506 646 2114 746 yottesdienstlichem
2183 662 2536 730 Gebrauche
2599 665 2695 729 be·

551 772 862 836 stimmten
933 769 1160 835 Gerc‘ite
1213 770 1422 835 hatten
1479 790 1542 835 es
1598 771 1765 835 scine
1822 772 2264 855 Cibyratischen
2322 769 2697 854 Spfflmnde

554 878 909 960 abyesehen,
954 879 1099 963 und·
1130 877 1221 941 sie
1264 879 1522 942 wurden
1565 898 1711 941 zum
1751 876 2002 967 yrosseit
2047 878 2365 944 Schmerze
2418 881 2530 944 der
2571 878 2696 943 Be-

553 984 882 1067 v‘o‘lkerunq
912 986 1396 1066 fortyenommen
1432 987 1578 1050 oder
1604 987 1969 1068 weniystens
2004 986 2170 1051 ihres
2212 985 2693 1059 kic‘nstlerischen
2720 1005 2746 1047 a

555 1088 915 1156 Schmuckes
959 1091 1225 1155 beraubt.

731 1196 858 1262 Hic
915 1196 1117 1262 nolite
1178 1201 1540 1282 expectare,
1600 1199 1753 1287 dum
1814 1221 1933 1285 ego
1989 1200 2148 1265 haec
2196 1200 2464 1265 crimina
2507 1221 2695 1285 agam

550 1305 868 1389 ostiatim,
926 1304 1006 1394 ab
1065 1302 1387 1389 Aeschylo
1448 1305 1885 1389 Tyndaritano
1945 1307 2142 1371 istum
2202 1311 2489 1391 pateram
2555 1308 2696 1372 abs-

551 1411 805 1494 tulisse,
865 1435 903 1475 a
948 1411 1276 1476 Thrasone
1322 1412 1477 1475 item
1523 1412 1960 1496 Tyndaritano
2020 1414 2353 1497 patellam,
2412 1437 2450 1478 a
2492 1413 2695 1498 Nym-

486 1512 491 1518 ’
551 1517 843 1601 phodoro
890 1516 1318 1603 Agrigentino
1378 1518 1754 1584 turibulum.
1848 1518 2009 1584 Cum
2072 1524 2268 1585 testes
2334 1543 2413 1584 ex
2477 1519 2696 1586 Sicilia
2725 1542 2780 1581 10

443 3137 511 3185 49

554 1622 757 1709 dabo,
808 1646 998 1709 quem
1059 1627 1235 1690 volet
1292 1625 1401 1689 ille
1463 1625 1686 1710 eligat,
1747 1647 1938 1710 quem
1999 1649 2118 1712 ego
2180 1627 2571 1713 interrogem
2618 1628 2695 1692 de

550 1732 835 1816 patellis,
893 1732 1160 1817 pateris,
1217 1732 1547 1816 turibulis3
1606 1754 1740 1797 non
1797 1733 1989 1797 modo
2051 1734 2359 1817 oppidum
2423 1736 2696 1818 nullum,

553 1838 664 1904 sed
708 1862 790 1904 ne
836 1839 1064 1903 domus
1112 1838 1371 1921 quidem
1417 1839 1552 1902 ulla
1586 1841 1781 1923 paulo
1818 1840 2205 1923 locupletior
2241 1864 2465 1925 expers
2501 1842 2693 1906 huius

550 1945 820 2010 iniuriae
872 1945 1241 2029 reperietur.
1333 1944 1460 2021 Qui
1524 1967 1671 2009 cum
1727 1945 1796 2010 in
1850 1947 2217 2011 convivium
2269 1948 2578 2033 venisset,
2641 1949 2696 2014 si

553 2053 897 2137 quicquam
936 2053 1164 2116 caelati
1203 2056 1564 2136 aspexerat,
1601 2072 1828 2117 manus
1871 2053 2219 2138 abstinere,
2254 2055 2496 2121 iudices
2507 2106 2526 2140 ,
2561 2078 2693 2120 non
2723 2073 2776 2114 1⁵

551 2164 820 2243 poterat.
915 2158 1035 2224 Cn.
1074 2158 1480 2243 Pompeius
1542 2162 1668 2241 est,
1726 2157 1914 2224 Philo
1963 2161 2074 2244 qui
2119 2161 2272 2244 fuit,
2326 2161 2694 2247 Tyndari-

550 2271 793 2334 tanus.
875 2264 938 2331 Is
982 2288 1208 2357 cenam
1253 2266 1363 2330 isti
1409 2266 1604 2330 dabat
1649 2266 1821 2350 apud
1866 2267 2087 2331 villam
2133 2268 2203 2331 in
2238 2268 2692 2352 Tyndaritano,

543 2371 758 2458 Fecit,
795 2373 969 2459 quod
998 2371 1199 2439 Siculi
1235 2394 1369 2438 non
1405 2373 1754 2459 audebant3
1791 2374 1928 2457 ille,
1965 2373 2120 2440 civis
2151 2373 2480 2440 Romanus
2519 2375 2691 2457 quod

551 2485 715 2565 erat,
759 2481 1064 2566 inpunius
1111 2480 1177 2544 id
1224 2502 1292 2545 se
1336 2481 1660 2546 facturum
1706 2481 1985 2566 putavit3
2041 2481 2403 2564 apposuit
2448 2481 2689 2563 patel-

549 2590 727 2671 lam,
773 2587 851 2652 in
897 2609 1042 2671 qua
1087 2587 1353 2672 sigilla
1399 2592 1616 2652 erant
1672 2588 1996 2674 egregia.
2086 2585 2216 2649 Iste
2263 2586 2568 2649 continuo
2616 2590 2770 2650 111-,80

548 2693 741 2779 vidit,
783 2717 918 2759 11011
963 2693 1282 2759 dubitavit
1325 2695 1486 2759 illud
1545 2694 1797 2782 insigne
1855 2692 2185 2778 penatium
2243 2692 2692 2776 hospitalium·

553 2824 677 2884 que
724 2798 989 2866 deorum
1035 2823 1116 2865 ex
1158 2800 1465 2884 hospitali
1510 2824 1732 2866 mensa
1776 2801 2031 2882 tollere,
2076 2799 2187 2863 sed
2232 2802 2477 2883 tamen,
2519 2800 2691 2888 quod

552 2910 699 2973 ante
747 2908 825 2972 de
870 2907 1056 2972 istius
1103 2908 1490 2972 abstinentia
1536 2909 1849 2992 dixeram,
1895 2906 2185 2993 sigillis
2242 2907 2533 2971 avulsis
2579 2930 2692 2970 re—

548 3015 846 3104 liquum
929 3018 1329 3100 argentum
1420 3016 1582 3080 sine
1673 3017 1834 3080 ulla
1926 3014 2258 3079 avaritia
2337 3014 2690 3079 reddidit.

551 3121 763 3197 Quid?
837 3122 1199 3206 Eupolemo
1261 3120 1619 3205 Calactino,
1676 3121 1924 3184 homini
1983 3120 2215 3200 nobili,
2272 3118 2690 3184 Lucullorum
2720 3138 2773 3179 25

548 3228 792 3312 hospiti
852 3250 927 3292 ac
984 3227 1427 3312 perfamiliari,
1491 3228 1602 3312 qui
1660 3246 1833 3290 nunc
1893 3225 2064 3308 apud
2130 3225 2479 3289 exercitum
2545 3246 2691 3290 cum

548 3333 620 3397 L.
656 3333 929 3398 Lucullo
1005 3338 1129 3417 est,
1190 3357 1325 3399 non
1386 3334 1555 3399 idem
1628 3331 1825 3397 fecit?
1916 3330 2201 3395 Cenabat
2274 3331 2445 3414 apud
2518 3354 2691 3415 eum3

551 3445 890 3527 argentum
936 3440 1045 3506 ille
1093 3445 1374 3507 ceterum
1423 3463 1659 3525 purum
1706 3440 2119 3522 adposuerat,
2171 3461 2252 3502 ne
2307 3460 2508 3522 purus
2554 3439 2691 3522 ipse

548 3548 1044 3636 relinqueretur,
1090 3547 1216 3612 duo
1264 3550 1498 3633 pocula
1541 3570 1677 3612 non
1721 3568 1986 3631 magna,
2030 3568 2252 3610 verum
2290 3549 2508 3610 tamen
2545 3567 2689 3610 cum

552 3656 950 3720 emblemate.
1041 3654 1167 3720 Hic
1231 3659 1562 3739 tamquam
1636 3655 1935 3720 festivom
2010 3674 2331 3735 acroama,
2401 3675 2482 3716 ne
2556 3653 2691 3716 sine
2720 3671 2774 3711 so

552 3762 887 3825 corollario
951 3763 1027 3827 de
1088 3762 1382 3826 convivio
1444 3761 1822 3845 discederet,
1877 3760 2116 3823 ibidem
2176 3758 2462 3824 convivis
2518 3780 2692 3842 spec-

551 3868 838 3933 tantibus
889 3868 1275 3933 emblemata
1321 3869 1651 3933 evellenda
1697 3868 1962 3934 curavit.

729 3976 959 4061 Neque
1005 3997 1125 4062 ego
1172 3997 1344 4040 nunc
1385 3976 1571 4041 istius
1609 3975 1781 4040 facta
1818 3973 2034 4038 omnia
2071 3993 2441 4037 enumerare
2480 3992 2694 4054 conor,

551 4104 759 4167 neque
807 4104 968 4167 opus
1018 4086 1115 4147 est
1159 4103 1285 4146 nec
1322 4082 1463 4146 fieri
1507 4083 1642 4144 ullo
1692 4081 1884 4145 modo
1923 4083 2166 4163 potest3
2212 4082 2466 4142 tantum
2502 4078 2692 4141 unius

554 4190 862 4273 cuiusque
910 4190 996 4253 de
1042 4189 1254 4253 varia
1299 4187 1799 4270 improbitate
1845 4184 2146 4270 generis
2194 4184 2482 4248 indicia
2524 4184 2695 4267 apud
2722 4203 2775 4244 35
