3175 4800
438 2059 540 2107 139

442 3772 544 3820 140

578 383 662 448 68
1232 380 1324 432 III.
1364 380 1448 433 De
1487 379 1679 448 signis.
1741 380 2067 447 (Auswahl.)

577 545 874 609 sedimus,
964 542 1201 626 Incipit
1264 544 1319 607 is
1382 544 1593 626 loqui,
1657 545 1768 626 qui
1832 548 1897 608 et
1960 544 2342 607 auctoritate
2399 547 2462 606 et
2518 546 2729 608 aetate

577 657 668 734 et,
704 656 779 716 ut
814 651 975 715 mihi
1010 652 1222 715 visum
1261 655 1385 733 est,
1431 673 1552 714 usu
1599 674 1811 714 rerum
1860 652 2303 734 antecedebat,
2338 650 2728 715 Diodorus

576 759 996 841 Timarchidi,
1051 759 1231 822 cuius
1290 759 1498 822 omnis
1556 760 1762 821 oratio
1818 757 1985 821 hanc
2038 757 2268 822 habuit
2326 759 2537 841 primo
2586 780 2729 821 sen-

575 868 873 931 tentiam:
921 869 1214 929 senatum
1263 869 1327 928 et
1371 867 1689 948 populum
1739 864 2211 949 Syracusanum
2259 866 2530 929 moleste
2586 886 2728 949 gra-

575 976 866 1056 viterque
911 973 1104 1056 ferre,
1150 971 1321 1055 quod
1371 994 1490 1057 ego
1502 1022 1520 1055 ,
1567 994 1714 1036 cum
1759 973 1831 1035 in
1876 972 2101 1035 ceteris
2151 970 2406 1036 Siciliae
2454 973 2726 1037 civitati-
2758 998 2783 1037 5

576 1082 697 1145 bus
755 1083 1046 1144 senatum
1102 1081 1545 1163 populumque
1606 1079 1995 1161 docuissem,
2051 1079 2203 1161 quid
2253 1080 2343 1143 eis
2407 1080 2729 1162 utilitatis,

577 1189 731 1272 quid
798 1188 1023 1252 salutis
1099 1187 1441 1269 adferrem,
1515 1189 1579 1250 et
1655 1208 1802 1250 cum
1878 1186 1958 1249 ab
2035 1186 2333 1249 omnibus
2408 1187 2728 1269 mandata,

574 1297 852 1381 legatOS,
895 1296 1143 1358 litteras
1191 1294 1688 1377 testimoniaque
1735 1294 2180 1376 sumpsissem,
2216 1295 2284 1357 in
2321 1295 2433 1357 illa
2470 1294 2727 1358 civitate
2809 1310 2818 1313 ’

575 1403 741 1465 nihil
799 1403 935 1466 eius
996 1402 1172 1464 modi
1231 1401 1524 1465 facerem.
1618 1400 2010 1483 Respondi
2075 1423 2285 1484 neque
2351 1400 2592 1465 Romae
2656 1401 2728 1464 in

578 1513 900 1574 conventu
983 1507 1378 1591 Siculorum,
1466 1529 1609 1571 cum
1698 1531 1735 1571 a
1815 1530 1919 1572 me
2002 1509 2314 1572 auxilium
2400 1508 2726 1573 communi
2757 1532 2811 1571 10

579 1618 867 1680 omnium
930 1616 1333 1701 legationum
1399 1615 1668 1679 consilio
1733 1616 2075 1698 petebatur
2139 1638 2456 1699 causaque
2524 1616 2725 1679 totius

578 1724 945 1806 provinciae
993 1724 1073 1786 ad
1119 1746 1222 1787 me
1270 1723 1702 1804 deferebatur,
1737 1724 1987 1807 legatos
2028 1722 2576 1806 Syracusanorum
2624 1723 2726 1786 ad-

576 1829 804 1912 fuisse,
839 1852 1049 1912 neque
1087 1853 1190 1893 me
1228 1830 1583 1912 postulare,
1620 1834 1694 1893 ut
1732 1830 2077 1914 quicquam
2117 1833 2340 1894 contra
2379 1828 2727 1893 G.Verrem

555 1935 1025 2004 ‚decerneretur
1068 1938 1138 2000 in
1185 1960 1259 2001 ea
1307 1937 1509 2019 curia,
1563 1938 1632 2000 in
1679 1960 1806 2021 qua
1850 1938 2211 2002 inauratam
2251 1936 2315 2001 G.
2337 1935 2557 2001 Verris
2605 1939 2727 1999 sta-

578 2047 757 2107 tuam
786 2044 1085 2107 viderem.
1135 2044 1321 2121 Quod
1354 2047 1776 2127 posteaquam
1815 2045 1968 2128 dixi,
2004 2048 2223 2109 tantus
2262 2047 2359 2108 est
2397 2044 2725 2129 gemitus
2756 2066 2811 2105 15

577 2152 831 2215 factus
880 2151 1188 2234 adspectu
1234 2156 1483 2216 statuae
1532 2156 1598 2215 et
1644 2153 2281 2235 commemoratione,
2334 2154 2410 2214 ut
2454 2151 2615 2214 illud
2660 2150 2730 2212 in

579 2259 756 2322 curia
799 2259 1083 2341 positum
1130 2263 1622 2323 monumentum
1680 2262 2021 2342 scelerum,
2077 2281 2212 2323 non
2270 2259 2728 2324 beneficiorum

578 2364 917 2430 videretur.
1009 2365 1176 2430 Tum
1222 2387 1357 2449 pro
1406 2386 1484 2431 se
1533 2368 1889 2451 quisque,
1936 2370 2252 2450 quantum
2299 2365 2566 2430 dicendo
2624 2365 2729 2429 ad-

580 2473 761 2556 sequi
806 2477 1088 2557 poterat,
1134 2475 1407 2538 docere
1472 2496 1585 2537 me
1652 2475 1908 2558 coepit
1974 2498 2049 2538 ea
2112 2469 2524 2560 quaespaulo
2582 2476 2729 2537 ante

582 2582 1106 2662 commemoravi,
1144 2582 1485 2664 spoliatam
1523 2580 1777 2664 urbem,
1812 2581 1962 2645 fana
2010 2582 2284 2664 direpta,
2331 2581 2408 2646 de
2445 2580 2729 2645 Heraclii
2756 2602 2812 2641 20

579 2687 960 2770 hereditate,
999 2709 1191 2769 quam
1229 2689 1618 2770 palaestritis
1658 2689 2105 2771 concessisset,
2137 2690 2344 2752 multo
2382 2687 2728 2752 maximam

581 2796 831 2875 partem
889 2794 1102 2876 ipsum
1167 2794 1536 2879 abstulisse3
1596 2817 1804 2879 neque
1863 2795 2324 2879 postulandum
2384 2796 2607 2878 fuisse,
2653 2799 2728 2858 ut

581 2901 691 2964 ille
737 2902 1141 2984 palaestritas
1183 2902 1505 2987 diligeret,
1553 2904 1665 2984 qui
1703 2903 1896 2967 etiam
1935 2904 2335 2967 inventorem
2376 2903 2501 2967 olei
2538 2902 2728 2966 deum

582 3009 975 3092 sustulisset3
1020 3031 1229 3092 neque
1277 3011 1455 3073 illam
1504 3012 1785 3074 statuam
1832 3032 1969 3074 esse
2018 3033 2096 3074 ex
2141 3010 2415 3093 pecunia
2467 3009 2729 3091 publica

578 3137 786 3197 neque
833 3116 1090 3198 publice
1137 3116 1382 3199 datam,
1428 3117 1538 3180 sed
1586 3139 1724 3200 eos,
1770 3118 1882 3200 qui
1925 3116 2296 3181 hereditatis
2335 3114 2727 3198 diripiendae
2756 3137 2811 3176 25

580 3223 924 3304 participes
1006 3222 1308 3305 fuissent,
1390 3223 1749 3287 faciendam
1833 3224 2363 3306 statuendamque
2448 3243 2728 3304 curasse3

583 3328 840 3392 eosdem
869 3327 1115 3393 Romae
1151 3329 1350 3394 fuisse
1387 3332 1667 3415 legatOS,
1704 3332 1877 3396 illius
1917 3332 2239 3395 adiutores
2278 3330 2729 3413 improbitatis,

583 3436 790 3499 socios
844 3435 1196 3520 furtorum,
1255 3438 1545 3502 conscios
1604 3439 2027 3524 flagitiorum3
2092 3460 2167 3502 eo
2234 3439 2446 3501 minus
2510 3436 2728 3499 mirari

581 3566 684 3607 me
733 3547 1054 3627 oportere,
1101 3545 1156 3608 si
1202 3545 1299 3608 illi
1348 3547 1675 3610 communi
1728 3548 2091 3632 legatorum
2138 3545 2459 3609 voluntati
2514 3546 2578 3608 et
2633 3564 2728 3607 sa-

579 3651 704 3714 luti
751 3648 1005 3715 Siciliae
1054 3651 1421 3716 defuissent.
2756 3672 2811 3710 30

759 3757 893 3821 Ubi
940 3780 1162 3822 eorum
1211 3760 1498 3824 dolorem
1548 3783 1628 3823 ex
1672 3761 1845 3825 illius
1893 3760 2142 3823 iniuriis
2190 3782 2323 3823 non
2368 3759 2560 3823 modo
2597 3780 2731 3822 non

583 3864 926 3948 minorem,
971 3865 1082 3929 sed
1127 3888 1329 3950 prope
1375 3868 1684 3931 maiorem
1734 3889 1926 3951 quam
1966 3865 2331 3931 Siculorum
2373 3871 2728 3931 ceterorum

585 3992 721 4036 esse
769 3973 1070 4058 cognovi,
1116 3977 1256 4037 tum
1302 3997 1518 4038 meum
1567 3976 1855 4039 animum
1901 3975 1970 4037 in
2015 3975 2192 4058 illos,
2238 3978 2379 4037 tum
2417 3975 2545 4037 mei
2583 3994 2730 4037 con-

584 4080 711 4143 silii
764 4080 1136 4165 negotiique
1191 4082 1391 4146 totius
1450 4084 1735 4165 suscepti
1782 4104 2039 4147 causam
2085 4083 2529 4161 rationemque
2585 4100 2730 4162 pro-

581 4187 797 4271 posui,
842 4190 982 4251 tum
1030 4208 1138 4251 eos
1184 4188 1480 4253 hortatus
1528 4211 1700 4273 sum,
1745 4194 1820 4253 ut
1867 4211 2092 4253 causae
2138 4188 2466 4254 communi
2513 4187 2730 4251 saluti·
2760 4205 2813 4244 35
