3175 4800
423 1092 490 1141 57

536 378 620 445 88
1132 375 1226 430 IV.
1265 376 1348 430 De
1388 375 1698 444 suppliciis.
1759 376 2087 446 (Auswahl.)

534 561 728 623 quam
773 539 869 622 id,
916 537 1089 623 quod
1135 559 1393 604 necesse
1441 543 1564 623 est,
1625 542 1737 606 aut
1782 539 1891 604 isti
1938 563 1976 603 a
2019 539 2276 605 Netinis
2324 539 2684 626 pecuniam,

532 667 681 710 cum
726 648 1047 729 posceret,
1092 667 1225 710 non
1271 644 1514 729 datam,
1562 650 1673 711 aut
1718 646 1785 711 id
1833 668 1970 711 esse
2016 651 2261 731 actum,
2316 652 2390 712 ut
2435 648 2685 714 intelle-

532 756 759 838 gerent
804 751 1173 817 Mamertini
1229 752 1391 816 bene
1447 774 1514 817 se
1571 754 1742 837 apud
1798 753 1996 816 istum
2043 756 2178 817 tam
2225 756 2432 819 multa
2475 756 2684 840 pretia

532 879 606 924 ac
666 883 933 925 munera
1006 861 1401 942 conlocasse,
1474 881 1622 924 cum
1686 860 1857 924 idem
1922 860 2032 923 alii
2094 860 2251 925 iuris
2318 884 2399 926 ex
2461 863 2682 927 eadem

532 989 724 1032 causa
769 990 903 1032 non
949 966 1358 1031 obtinerent?
2708 990 2732 1029 5

708 1073 880 1155 Dafs
934 1074 1230 1140 Messinm
1284 1073 1476 1139 allein
1531 1074 1651 1138 den
1709 1033 1925 1139 Verres
1987 1075 2131 1153 labb,
2197 1076 2406 1156 besayt
2465 1077 2684 1157 nichtS,

422 1183 492 1232 58
530 1182 695 1246 demo
749 1183 849 1246 die
901 1180 1156 1246 meisten
1202 1179 1416 1245 Stddte
1467 1181 1691 1262 klayen
1742 1181 1856 1245 ilm
1901 1203 2014 1263 an,
2069 1182 2302 1264 weniye
2345 1181 2684 1266 schweiyen

421 1525 490 1573 59

530 1288 690 1352 auch
746 1310 906 1367 num·
972 1288 1262 1353 Massiua
1317 1288 1438 1353 lobt
1499 1288 1615 1351 ihn
1628 1337 1645 1366 ,
1710 1289 1848 1352 weil
1911 1308 1978 1352 er
2031 1289 2134 1353 ihr
2187 1290 2519 1354 ehensoviel
2575 1312 2683 1356 zu-

524 1396 816 1478 gewcmdt
866 1395 1003 1476 hat,
1055 1395 1154 1460 als
1207 1415 1277 1458 er
1328 1395 1438 1458 der
1489 1394 1700 1460 Kasse
1753 1396 1859 1459 des
1904 1394 2161 1460 Reiches
2214 1400 2499 1479 entzoyen
2554 1397 2679 1463 hat.

708 1499 951 1566 Verum'
1008 1505 1082 1565 ut
1137 1502 1217 1565 ad
1273 1503 1572 1585 classem,
1628 1523 1755 1583 quo
1813 1524 1893 1567 ex
1944 1503 2089 1567 loco
2147 1524 2289 1568 sum
2337 1502 2682 1590 digressus,
2712 1525 2762 1563 10

527 1613 836 1692 revertar,
919 1609 1294 1692 accepisti
1376 1632 1414 1672 a
1493 1608 1977 1674 Mamertinis
2060 1608 2328 1675 navem
2413 1616 2681 1677 contra

525 1717 777 1802 leges,
821 1716 1201 1780 remisisti
1248 1720 1517 1780 contra
1561 1716 1893 1782 foedera.
1983 1713 2084 1780 Ita
2129 1717 2199 1781 in
2244 1740 2374 1782 una
2421 1718 2680 1783 civitate

527 1823 626 1886 bis
674 1822 986 1906 inprobus
1023 1821 1230 1899 fuisti,
1263 1843 1425 1885 7011111
1466 1826 1530 1885 et
1565 1822 1901 1905 remisisti,
1940 1822 2114 1905 quod
2149 1846 2283 1887 non
2321 1825 2681 1907 oportebat,

528 1933 591 1992 et
629 1927 962 2012 accepisti,
1001 1926 1174 2010 quod
1202 1949 1335 1991 non
1362 1927 1618 1991 licebat.
1692 1926 1971 2012 Exigere
1999 1932 2065 1992 te
2104 1931 2394 2013 oportuit
2429 1953 2678 2014 navem,

526 2057 689 2119 quae
746 2039 971 2100 contra
1023 2032 1407 2117 praedones,
1458 2055 1593 2098 non
1642 2055 1805 2116 quae
1853 2055 1999 2098 cum
2045 2035 2281 2119 praeda
2325 2036 2678 2122 navigaret,
2707 2055 2757 2094 15
2880 2094 2888 2101 .

527 2164 690 2225 quae
736 2141 1138 2223 defenderet,
1181 2162 1264 2208 116
1304 2140 1643 2223 'provincia
1688 2141 2100 2225 spoliaretur,
2144 2164 2277 2214 non
2324 2164 2487 2226 quae
2532 2166 2679 2227 pro·

524 2248 773 2315 vinciae
839 2248 1048 2333 spolia
1110 2250 1414 2331 portaret.
1505 2247 1874 2312 Mamertini
1937 2248 2081 2313 tibi,
2115 2252 2180 2312 et
2234 2249 2489 2333 urbem,
2550 2272 2678 2335 quo

523 2357 699 2422 furta
757 2356 1041 2440 undique
1100 2355 1502 2440 deportares,
1567 2359 1632 2420 et
1685 2377 1944 2440 navem,
2002 2356 2072 2420 in
2119 2376 2246 2440 qua
2292 2360 2681 2442 exportares,

526 2465 986 2548 praebuerunt3
1022 2463 1185 2528 illud
1214 2463 1336 2528 tibi
1373 2463 1684 2548 oppidum
1722 2465 2200 2547 receptaculum
2237 2464 2509 2548 praedae
2534 2465 2679 2549 fuit,

525 2573 623 2636 illi
659 2572 953 2636 homines
991 2575 1188 2636 testes
1229 2571 1655 2654 custodesque
1691 2571 2042 2655 furtorum,
2076 2571 2175 2635 illi
2210 2571 2332 2636 tibi
2361 2577 2425 2637 et
2459 2575 2677 2638 locum
2706 2593 2758 2633 20

524 2680 714 2744 furtis
771 2684 836 2744 et
889 2679 1211 2744 furtorum
1257 2677 1626 2742 vehiculum
1684 2682 2260 2761 comparaverunt.
2325 2678 2551 2763 Itaque
2596 2703 2678 2745 ne

524 2791 664 2851 tum
715 2787 1002 2869 quidem,
1057 2807 1205 2850 cum
1253 2786 1522 2849 classem
1571 2784 1841 2848 avaritia
1900 2807 1976 2850 ac
2028 2786 2319 2870 nequitia
2371 2791 2485 2851 tua
2538 2809 2677 2871 per-

525 2894 774 2978 didisti,
809 2893 1209 2959 Mamertinis
1238 2912 1467 2956 navem
1504 2891 1821 2976 imperare
1859 2913 2050 2956 ausus
2090 2914 2185 2975 es3
2223 2914 2349 2975 quo
2387 2897 2676 2978 tempore

525 3001 595 3065 in
653 3005 835 3065 tanta
893 3002 1114 3085 inopia
1172 3000 1436 3064 navium
1496 3002 1806 3082 tantaque
1868 3000 2231 3069 calamitate
2289 3001 2675 3083 provinciae,

524 3109 779 3173 etiamsi
814 3109 1102 3191 precario
1143 3111 1355 3172 essent
1390 3105 1692 3191 rogandi,
1728 3109 1946 3170 tamen
1982 3106 2061 3170 ab
2101 3105 2177 3170 iis
2205 3105 2671 3190 impetraretur.
2694 3126 2755 3191 ,25

526 3214 943 3298 Reprimebat
990 3215 1159 3278 enim
1206 3214 1330 3278 tibi
1375 3217 1439 3278 et
1486 3202 2022 3298 imperandi'vim
2070 3216 2134 3276 et
2177 3212 2450 3299 rogandi
2487 3236 2675 3280 cona-

525 3325 665 3384 tum
723 3321 1051 3403 praeclara
1105 3320 1219 3383 illa
1271 3343 1406 3384 non
1458 3322 1700 3404 populo
1749 3319 2043 3385 Romano
2099 3319 2349 3385 reddita
2393 3322 2674 3404 biremis,

486 3427 637 3519 'sed
709 3426 992 3510 praetori
1065 3427 1302 3492 donata
1375 3428 1629 3512 cybaea.
1738 3427 1837 3492 Ea
1907 3427 2034 3493 fuit
2096 3449 2337 3492 merces
2403 3428 2674 3513 imperii,

416 3661 486 3709 60

526 3534 776 3617 auxilii,
822 3533 1005 3617 iuris,
1053 3534 1562 3616 consuetudinis,
1608 3534 1901 3599 foederis.

703 3641 975 3707 Habetis
1022 3642 1212 3706 unius
1262 3641 1539 3706 civitatis
1588 3641 1847 3706 firmum
1889 3640 2206 3709 ,auxilium
2253 3640 2561 3706 amissum
2600 3662 2673 3705 ac
2702 3662 2753 3700 30

525 3749 856 3813 venditum
903 3749 1139 3832 preti03
1187 3749 1555 3836 cognoscite
1600 3771 1774 3813 nunc
1819 3770 2052 3813 novam
2097 3748 2446 3831 praedandi
2481 3749 2673 3813 ratio-

523 3878 672 3920 nem
734 3856 813 3919 ab
860 3855 986 3919 hoc
1031 3855 1311 3939 primum
1376 3856 1824 3940 excogitatam.
1919 3854 2316 3938 Sumptum
2380 3877 2671 3920 omnem

524 3964 604 4028 in
667 3964 986 4027 classem
1051 3962 1405 4046 frumento,
1469 3963 1789 4047 stipendio
1856 3962 2209 4046 ceterisque
2271 3962 2461 4027 rebus
2536 3984 2668 4026 suo

526 4093 869 4156 quaeque
941 4070 1327 4134 nauarcho
1405 4071 1685 4135 civitas
1750 4091 2048 4152 semper
2111 4069 2286 4133 dare
2352 4069 2670 4141 solebat.

523 4178 586 4243 Is
633 4168 870 4267 neque,
913 4181 988 4241 ut
1035 4181 1441 4242 accusaretur
1486 4201 1523 4262 a
1568 4177 1811 4259 nautis,
1857 4176 2258 4241 committere
2295 4175 2572 4241 audebat
2608 4178 2673 4241 et
2701 4195 2752 4236 85
