3175 4800
420 986 523 1035 110

416 2804 517 2853 111

415 4088 515 4135 112

563 381 649 445 58
1220 377 1313 432 111.
1352 379 1436 431 De
1475 377 1668 447 signis.
1725 377 2049 448 (Auswahl.)

561 541 672 605 sed
744 562 878 606 non
948 542 1042 605 ita
1114 542 1395 625 antiqua.
1485 541 1592 605 Ex
1662 563 1805 606 aere
1875 540 2002 605 fuit
2066 541 2389 624 quoddam
2454 541 2708 606 modica

560 648 983 732 amplitudine
1030 669 1104 713 ac
1151 648 1465 735 singulari
1509 669 1701 732 opere
1747 670 1893 713 cum
1938 648 2187 712 facibus
2232 649 2709 732 perantiquum,

562 755 850 819 omnium
925 755 1183 820 illorum
1196 805 1215 840 ,
1288 778 1451 840 quae
1525 760 1678 819 sunt
1747 755 1818 819 in
1889 776 1964 819 eo
2029 754 2180 819 fano
2192 803 2211 838 ‚
2271 756 2479 819 multo
2545 756 2706 819 anti-

562 862 962 945 quissimum.
1051 861 1127 927 Id
1183 863 1446 927 sustulit
1492 883 1566 927 ac
1611 867 1830 927 tamen
1874 884 1949 926 eo
1997 865 2339 927 contentus
2382 883 2519 926 non
2561 862 2704 927 fuit.

562 967 758 1033 Ante
841 969 1097 1034 aedem
1181 968 1477 1034 Cereris
1559 970 1630 1032 in
1701 974 1922 1054 aperto
1996 991 2072 1034 ac
2141 971 2486 1053 propatulo
2558 970 2761 1034 locos

562 1076 783 1162 signa
856 1076 1001 1140 duo
1077 1081 1284 1160 sunt,
1357 1075 1602 1140 Cereris
1666 1098 1898 1160 unum,
1959 1078 2241 1143 ,alterum
2306 1076 2706 1160 Triptolemi,

560 1181 993 1266 pulcherrima
1051 1205 1125 1248 ac
1184 1185 1530 1268 perampla.
1624 1183 2045 1249 Pulchritudo
2105 1183 2422 1268 periculo,
2481 1184 2705 1268 ampli-

561 1291 718 1355 tudo
777 1291 971 1354 saluti
1022 1291 1177 1374 fuit,
1232 1292 1404 1375 quod
1461 1312 1686 1355 eorum
1732 1290 2063 1355 demolitio
2111 1295 2305 1374 atque
2351 1291 2702 1374 asportatio

562 1396 960 1480 perdifficilis
1008 1397 1360 1461 videbatur.
1441 1396 1790 1463 Insistebat
1832 1399 1903 1462 in
1946 1420 2143 1462 manu
2191 1396 2435 1462 Cereris
2481 1398 2705 1461 dextra

561 1501 800 1589 grande
874 1504 1363 1569 simulacrum
1444 1504 1873 1589 pulcherrime
1954 1505 2198 1570 factum
2281 1503 2788 1588 Victoriae31o

558 1610 685 1675 hoc
755 1610 879 1676 iste
952 1633 986 1675 e
1061 1612 1246 1698 signo
1322 1611 1565 1677 Cereris
1640 1613 2042 1677 avellendum
2117 1610 2704 1696 asportandumque

562 1717 826 1781 curavit.

740 1823 866 1901 Qui
917 1825 1178 1888 tandem
1232 1826 1419 1890 istius
1477 1828 1728 1891 animus
1783 1831 1882 1891 est
1933 1848 2106 1891 nunc
2159 1827 2231 1890 in
2263 1825 2705 1890 recordatione

559 1931 871 1995 scelerum
946 1952 1237 2015 suorum,
1318 1955 1464 1998 cum
1552 1956 1672 2020 ego
1744 1934 1884 2018 ipse
1954 1934 2025 1997 in
2096 1932 2703 1998 commemoratione

559 2060 782 2102 eorum
817 2060 951 2102 non
987 2040 1196 2103 solum
1237 2041 1449 2105 animo
1489 2063 1921 2124 commovear,
1954 2063 2176 2105 verum
2215 2040 2409 2104 etiam
2437 2060 2704 2123 corpore
2730 2061 2784 2102 15

558 2145 1083 2229 perhorrescam?
1172 2145 1370 2212 Venit
1443 2149 1613 2213 enim
1688 2148 1850 2212 mihi
1920 2147 2083 2230 fani,
2153 2146 2310 2230 loci,
2371 2146 2701 2232 religionis

558 2253 731 2316 illius
777 2253 848 2315 in
892 2257 1200 2337 mentem3
1259 2260 1598 2319 versantur
1644 2259 1792 2319 ante
1839 2254 2059 2318 oculos
2106 2253 2351 2337 omnia,
2395 2253 2529 2317 dies
2575 2254 2704 2336 ille,

560 2380 687 2444 quo
737 2381 884 2425 cum
931 2381 1051 2447 ego
1098 2359 1399 2425 Hennam
1456 2363 1804 2445 venissem,
1859 2363 2165 2446 praesto
2223 2360 2410 2425 mihi
2457 2381 2703 2427 sacer-

558 2468 774 2532 dotes
836 2466 1132 2532 Cereris
1207 2489 1371 2532 cum
1445 2468 1723 2533 infulis
1798 2490 1880 2533 ac
1943 2467 2297 2532 verbenis
2361 2468 2703 2552 fuerunt,

559 2575 773 2639 contio
832 2578 1314 2659 conventusque
1371 2577 1638 2660 civium,
1690 2577 1759 2639 in
1814 2596 1942 2660 quo
2000 2597 2119 2661 ego
2176 2596 2324 2640 cum
2386 2576 2702 2659 loquerer,
2728 2596 2783 2637 so

557 2681 723 2744 tanti
769 2681 1048 2766 gemitus
1094 2681 1413 2766 fletusque
1459 2684 1729 2767 fiebant,
1771 2687 1846 2747 ut
1881 2682 2329 2747 acerbissimus
2367 2687 2506 2747 tota
2542 2683 2699 2747 urbe

556 2789 769 2852 luctus
833 2789 1074 2852 versari
1137 2789 1475 2854 videretur.
1564 2789 1719 2856 Non
1782 2790 1880 2853 illi
1937 2789 2350 2855 decumarum
2410 2789 2699 2874 imperia,

556 2917 690 2960 non
733 2895 1053 2960 bonorum
1101 2896 1522 2981 direptiones,
1563 2919 1699 2962 non
1743 2897 1967 2981 iniqua
2009 2896 2274 2980 iudicia,
2316 2920 2451 2961 non
2484 2897 2698 2980 inpor-

555 3006 746 3067 tunas
792 3002 979 3067 istius
1025 3003 1355 3087 libidines,
1408 3026 1543 3068 non
1585 3005 1749 3088 vim,
1799 3026 1933 3068 non
1970 3004 2419 3086 contumelias,
2465 3004 2697 3086 quibus

554 3110 771 3174 vexati
816 3111 1233 3194 oppressique
1279 3116 1488 3194 erant,
1533 3110 2114 3195 conquerebantur3
2161 3109 2404 3174 Cereris
2440 3131 2699 3192 numen,
2724 3131 2779 3171 25

556 3239 884 3281 sacrorum
929 3220 1345 3300 vetustatem,
1388 3218 1525 3282 fani
1566 3218 1946 3304 religionem
1993 3218 2177 3281 istius
2225 3215 2699 3281 sceleratissimi

556 3328 750 3406 atque
810 3322 1217 3387 audacissimi
1279 3324 1596 3407 supplicio
1657 3325 1900 3408 expiari
1960 3325 2291 3407 volebant3
2354 3324 2572 3387 omnia
2630 3345 2697 3387 se

558 3434 768 3494 cetera
812 3430 947 3514 pati
995 3452 1069 3494 ac
1114 3432 1452 3517 neglegere
1500 3430 1813 3496 dicebant.
1886 3432 2013 3496 Hic
2059 3431 2244 3496 dolor
2288 3434 2425 3494 erat
2459 3433 2699 3513 tantuS,

556 3541 630 3601 ut
667 3538 828 3602 alter
865 3535 1067 3602 Orcus
1105 3539 1355 3603 venisse
1392 3537 1692 3603 Hennam
1729 3542 1793 3603 et
1829 3561 1962 3604 non
1997 3537 2444 3619 Proserpinam
2482 3557 2697 3619 aspor-

556 3648 754 3727 tasse,
814 3645 923 3708 sed
985 3645 1189 3729 ipsam
1257 3646 1613 3729 abripuisse
1660 3645 1950 3711 Cererem
2005 3645 2343 3708 videretur.
2432 3643 2695 3707 Etenim
2723 3664 2777 3705 so

556 3751 709 3814 urbs
756 3751 869 3814 illa
912 3774 1047 3815 non
1090 3753 1243 3816 urbs
1290 3752 1574 3835 videtur,
1620 3753 1730 3817 sed
1765 3753 1988 3816 fanum
2027 3750 2269 3816 Cereris
2308 3773 2472 3834 esse3
2517 3750 2697 3815 habi·

556 3862 692 3921 tare
748 3857 918 3940 apud
974 3880 1111 3922 sese
1159 3857 1450 3923 Cererem
1505 3857 1882 3924 Hennenses
1938 3860 2356 3943 arbitrantur,
2409 3862 2483 3922 ut
2537 3857 2698 3921 mihi

555 3986 688 4028 non
747 3965 916 4029 cives
975 3966 1149 4030 illius
1212 3967 1518 4050 civitatis,
1576 3967 1688 4030 sed
1748 3988 1968 4031 omnes
2028 3966 2416 4049 sacerdotes,
2474 3985 2695 4030 omnes

557 4072 810 4136 accolae
876 4075 1068 4156 atque
1134 4074 1452 4139 antistites
1521 4072 1765 4138 Cereris
1827 4095 1962 4138 esse
2020 4072 2375 4138 videantur.
2464 4070 2697 4136 Henna

553 4182 627 4243 tu
665 4179 1079 4244 simulacrum
1120 4179 1363 4244 Cereris
1400 4181 1629 4244 tollere
1667 4180 1970 4263 audebas,
2005 4179 2238 4244 Henna
2273 4184 2346 4244 tu
2384 4178 2463 4242 de
2499 4201 2695 4242 manu
2724 4199 2776 4240 ³⁶
