3175 4800
1422 378 1601 427 157—
1618 379 1734 427 162.
2524 377 2648 442 117

502 538 900 619 loqueretur3
945 557 1125 618 nam,
1162 538 1234 598 ut
1271 539 1460 600 antea
1495 557 1610 601 vos
1650 536 1867 619 docui,
1903 535 2070 600 hanc
2108 536 2230 600 sibi
2266 537 2387 601 iste
2424 537 2649 602 urbem

505 643 853 727 delegerat,
913 663 1106 726 quam
1169 641 1435 707 haberet
1495 641 1871 707 adiutricem
1933 643 2273 727 scelerum,
2329 643 2650 710 furtorum

503 749 947 833 receptricem,
1022 748 1416 834 flagitiorum
1479 749 1769 814 omnium
1835 750 2172 814 consciam.
2262 749 2489 834 Itaque
2561 752 2649 816 ad

504 856 1050 942 magistratum
1076 854 1615 920 Mamertinum
1653 857 1872 920 statim
1912 856 2317 922 deducitur
2344 857 2653 943 Gavius,

451 983 475 1024 5
506 985 710 1048 eoque
773 964 915 1047 ipso
982 962 1084 1026 die
1150 983 1302 1027 casu
1364 961 1725 1027 Messanam
1774 962 2006 1028 Verres
2071 964 2265 1028 venit.
2370 963 2497 1029 Res
2572 966 2651 1029 ad

506 1093 654 1135 eum
701 1070 1011 1152 defertur,
1056 1090 1193 1133 esse
1239 1069 1445 1133 civem
1491 1068 1887 1153 Romanum,
1933 1070 2044 1152 qui
2091 1090 2157 1134 se
2206 1069 2536 1155 Syracusis
2583 1073 2651 1136 in

503 1176 834 1241 lautumiis
903 1175 1103 1241 fuisse
1165 1180 1560 1260 quereretur3
1623 1198 1808 1259 quem
1872 1177 2001 1240 iam
2061 1176 2527 1263 ingredientem
2582 1180 2651 1243 in

504 1306 733 1348 navem
781 1286 845 1348 et
891 1282 1079 1348 Verri
1123 1284 1315 1347 nimis
1364 1283 1668 1347 atrociter
1713 1284 2121 1348 minitantem
2169 1284 2248 1348 ab
2297 1306 2365 1349 se
2418 1289 2651 1350 retrac-

502 1395 641 1456 tum
691 1411 827 1456 esse
875 1395 939 1455 et
985 1391 1420 1474 adservatum,
1465 1394 1540 1455 ut
1584 1391 1723 1475 ipse
1770 1390 1839 1455 in
1885 1414 2030 1456 eum
2079 1395 2415 1475 statueret,
2478 1393 2648 1476 quod

423 1519 476 1560 10
501 1499 840 1563 videretur.
932 1496 1117 1583 Agit
1179 1497 1619 1561 hominibus
1682 1499 1970 1582 gratias
2036 1502 2102 1563 et
2156 1520 2376 1564 eorum
2440 1500 2651 1564 beni-

503 1606 924 1671 volentiam
1008 1625 1160 1689 erga
1243 1624 1309 1668 se
1393 1603 1922 1689 diligentiamque
1984 1606 2412 1669 conlaudat.
2501 1606 2648 1690 Ipse

503 1713 938 1776 inflammatus
1000 1712 1237 1776 scelere
1297 1713 1363 1774 et
1420 1709 1637 1775 furore
1696 1712 1766 1775 in
1823 1710 2037 1775 forum
2084 1712 2287 1796 venit3
2343 1712 2650 1777 ardebant

505 1819 704 1902 oculi,
764 1820 907 1882 toto
973 1841 1053 1882 ex
1126 1840 1234 1884 ore
1309 1818 1649 1882 crudelitas
1727 1818 2064 1882 eminebat.
2168 1818 2650 1904 Exspectabant

428 1941 451 1950 ⁹
505 1909 753 2009 qmneffi
814 1947 942 2007 quo
1003 1924 1260 1996 tandem
1321 1946 1775 2011 progressurus
1841 1929 1954 1990 aut
2018 1926 2323 2010 quidnam
2389 1930 2648 1992 acturus

425 2052 475 2094 ιο
504 2037 698 2115 esset,
762 2054 908 2097 cum
971 2037 1235 2116 repente
1298 2032 1680 2096 hominem
1746 2033 1998 2114 proripi
2063 2036 2255 2116 atque
2330 2034 2407 2096 in
2477 2033 2646 2097 foro

501 2140 747 2204 medio
820 2140 1093 2211 nudari
1167 2161 1240 2203 ac
1315 2139 1583 2224 deligari
1649 2143 1714 2202 et
1770 2138 1983 2222 virgas
2059 2140 2342 2221 expediri
2415 2140 2646 2205 iubet.

505 2245 837 2311 Clamabat
882 2246 991 2310 ille
1038 2246 1233 2309 miser
1278 2266 1344 2308 se
1391 2245 1593 2309 civem
1644 2264 1781 2308 esse
1820 2242 2212 2328 Romanum,
2258 2246 2647 2330 municipem

505 2352 898 2437 Consanum3
936 2352 1242 2419 meruisse
1281 2372 1426 2417 cum
1467 2351 1537 2416 L.
1567 2350 1804 2416 Raecio
1814 2402 1832 2436 ,
1870 2351 2385 2435 splendidissimo
2434 2355 2648 2438 equite

502 2460 826 2544 RomanO,
873 2462 985 2543 qui
1021 2460 1371 2525 Panhormi
1406 2459 1872 2546 negotiaretur,
1919 2483 1999 2524 ex
2047 2481 2173 2543 quo
2220 2461 2378 2535 haec
2414 2459 2646 2527 Verres

423 2589 475 2629 20
503 2570 665 2634 scire
709 2572 946 2652 posset.
1038 2567 1204 2631 Tum
1264 2568 1440 2651 iste,
1500 2589 1576 2631 se
1639 2566 2105 2651 comperisse
2166 2590 2331 2632 eum
2379 2589 2648 2652 specu-

499 2676 712 2741 landi
772 2696 997 2741 causa
1055 2675 1134 2738 in
1195 2672 1540 2738 Siciliam
1605 2698 1642 2738 a
1696 2674 1966 2739 ducibus
2013 2674 2435 2760 fugitivorum
2484 2697 2647 2741 esse

501 2784 842 2865 missum3
882 2781 1111 2865 quoius
1149 2782 1243 2844 rei
1280 2802 1488 2863 neque
1526 2781 1721 2845 index
1756 2804 1965 2864 neque
2002 2784 2347 2866 vestigium
2385 2784 2646 2866 aliquod

502 2908 710 2971 neque
776 2887 1053 2968 suspicio
1122 2886 1422 2966 cuiquam
1486 2891 1654 2950 esset
1718 2886 1877 2969 ulla3
1940 2887 2209 2951 subinde
2282 2889 2461 2952 iubet
2533 2889 2646 2953 ho-

502 2995 742 3057 minem
806 2990 1364 3057 vehementissime
1427 2991 1766 3056 verberari.
1858 2991 2255 3057 (laedebatur
2316 2996 2512 3081 virgis
2579 2997 2647 3060 in

424 3120 475 3161 25
504 3100 713 3165 medio
751 3099 893 3164 foro
930 3098 1260 3163 Messanae
1298 3099 1454 3163 civis
1493 3097 1852 3182 Romanus,
1896 3099 2167 3183 iudices,
2212 3121 2357 3164 cum
2404 3102 2647 3165 interea

501 3209 719 3273 nullus
767 3207 1072 3293 gemitus,
1115 3206 1294 3269 nulla
1329 3226 1458 3269 vox
1503 3205 1631 3269 alia
1673 3205 1846 3270 illius
1892 3206 2110 3270 miseri
2156 3207 2322 3271 inter
2357 3208 2643 3272 dolorem

505 3314 948 3398 crepitumque
994 3314 1331 3399 plagarum
1378 3312 1758 3376 audiebatur
1801 3312 1927 3377 nisi
1973 3313 2156 3378 haec:
2223 3312 2461 3379 ‘Civis
2500 3314 2644 3378 Ro-

502 3442 765 3486 manus
828 3420 1040 3485 sum'‚
1130 3418 1272 3484 Hac
1332 3441 1399 3484 se
1445 3420 2054 3484 commemoratione
2099 3410 2378 3485 civitatis
2426 3422 2644 3486 omnia

501 3530 767 3593 verbera
826 3528 1242 3612 depulsurum
1304 3527 1785 3610 cruciatumque
1846 3551 1884 3590 a
1934 3548 2199 3612 corpore
2247 3528 2641 3593 deiecturum

370 3626 375 3631 ’
423 3655 476 3695 so
504 3636 956 3719 arbitrabatur3
1003 3636 1057 3699 is
1104 3655 1237 3699 non
1283 3635 1474 3698 modo
1521 3633 1648 3698 hoc
1692 3655 1824 3698 non
1868 3635 2162 3718 perfecit,
2208 3639 2281 3699 ut
2315 3635 2639 3721 virgarum

502 3743 637 3807 vim
682 3742 1152 3825 deprecaretur,
1199 3742 1339 3825 sed,
1385 3763 1530 3806 cum
1577 3742 1952 3824 imploraret
1990 3742 2241 3826 saepius
2279 3746 2642 3826 usurparet-

504 3871 629 3934 que
700 3870 938 3914 nomen
1010 3849 1316 3931 civitatis,
1388 3870 1599 3932 crux,
1672 3870 1855 3932 crux,
1919 3849 2208 3933 inquam,
2271 3848 2511 3913 infelici
2578 3853 2642 3913 et

503 3977 912 4040 aerumnose,
972 3955 1083 4039 qui
1141 3976 1493 4038 numquam
1558 3956 1749 4020 istam
1812 3960 2057 4040 pestem
2114 3957 2385 4037 viderat,
2445 3976 2641 4017 com-

504 4064 934 4146 parabatur.

2690 1514 2787 1563 161

2684 3008 2784 3057 162
