3175 4800
1423 419 1489 467 63
1504 445 1567 453 —
1584 417 1670 467 69.
2551 415 2633 481 91

479 596 685 663 ‘quam
735 578 967 662 caruit,
1011 582 1085 642 ut
1131 578 1345 643 videre
1390 577 1667 660 piratam
1715 579 1975 659 captum
2021 597 2153 639 non
2195 576 2461 640 liceret?
2550 576 2640 641 At

494 690 743 770 contra,
785 685 1193 769 quacumque
1249 685 1373 750 ite'r
1416 684 1599 767 fecit,
1643 683 1769 747 hoc
1814 682 2350 747 iucundissimum
2397 688 2641 768 specta·

494 794 708 857 culum
740 792 1038 858 omnibus
1068 793 1431 857 vinctorum
1461 794 1925 875 captorumque
1952 789 2238 854 hostium
2276 791 2642 875 praebebat,

493 900 710 982 itaque
757 899 816 963 ei
864 920 1211 964 concursus
1259 899 1503 963 fiebant
1547 897 1861 980 undique,
1908 901 1982 960 ut
2022 919 2159 961 non
2204 898 2396 962 modo
2446 921 2524 962 ex
2561 898 2638 962 iis

442 1028 464 1069 5
495 1007 776 1089 oppidis,
836 1028 963 1089 qua
1018 1006 1444 1087 ducebantur,
1503 1005 1615 1078 sed
1671 1003 1863 1068 etiam
1921 1026 1999 1067 ex
2053 1004 2345 1069 finitimis
2391 1005 2640 1070 visendi
2729 1013 2732 1018 ’

496 1135 687 1178 causa
734 1113 1166 1178 convenirent.
1256 1111 1404 1195 Ipse
1452 1114 1668 1175 autem
1715 1110 2081 1194 triumphus
2131 1133 2325 1194 quam
2373 1112 2456 1179 ob
2502 1135 2638 1177 rem
2717 1171 2722 1174 ,

496 1220 782 1284 omnium
830 1218 1307 1304 triumphorum
1354 1209 1772 1304 gratissimus
1796 1219 2040 1302 populo
2080 1217 2374 1282 Romano
2412 1218 2538 1282 fuit
2569 1222 2641 1283 et
2718 1270 2725 1276 .

493 1326 1032 1392 iucundissimus?
1122 1326 1288 1404 Quia
1345 1325 1510 1390 nihil
1569 1329 1668 1390 est
1719 1315 1991 1390 victoria
2051 1325 2329 1409 dulcius,
2387 1327 2639 1390 nullum

494 1438 590 1499 est
636 1438 850 1499 autem
888 1434 1331 1498 testimonium
1368 1433 1677 1498 victoriae
1716 1432 1949 1498 certius
1990 1455 2203 1516 quam,
2251 1454 2410 1516 quos
2450 1454 2640 1518 saepe

416 1565 466 1604 ιο
495 1542 824 1624 metueris,
872 1562 979 1606 eos
1027 1546 1092 1605 te
1138 1541 1389 1604 vinctos
1438 1541 1516 1603 ad
1566 1539 1956 1623 supplicium
2006 1540 2153 1605 duci
2198 1539 2429 1605 videre.
2495 1539 2640 1605 Hoc

493 1654 566 1713 tu
623 1671 815 1732 quam
872 1649 955 1713 ob
1010 1670 1146 1712 rem
1202 1669 1336 1711 non
1380 1646 1638 1711 fecisti?
1728 1645 1933 1722 Quam
1984 1647 2066 1711 ob
2114 1669 2251 1711 rem
2297 1646 2389 1710 ita
2421 1647 2641 1730 -pirata

495 1756 615 1819 iste
663 1756 1022 1820 occultatus
1070 1759 1196 1837 est,
1242 1755 1424 1837 quasi
1471 1776 1620 1818 eum
1668 1753 1869 1837 aspici
1913 1754 2093 1827 nefas
2141 1754 2352 1819 esset?
2434 1754 2639 1831 Quam

432 1897 437 1902 ·
497 1862 578 1926 ob
643 1885 778 1926 rem
844 1862 1231 1946 supplicium
1295 1884 1428 1926 non
1493 1860 1871 1945 sumpsisti?
1962 1860 2166 1938 Quam
2235 1862 2348 1946 ob„
2383 1883 2641 1949 causam

492 1969 821 2035 hominem
859 1953 1242 2035 reservasti?
1303 1970 1595 2054 Ecquem
1635 1969 1757 2041 scis
1796 1969 1866 2033 in
1904 1966 2124 2033 Sicilia
2164 1973 2350 2034 antea
2380 1974 2640 2058 captum

416 2100 466 2139 15
495 2077 974 2161 archipiratam,
1020 2078 1132 2161 qui
1177 2100 1310 2142 non
1357 2077 1565 2141 securi
1611 2097 1952 2159 percussus
2001 2077 2129 2140 sit?
2216 2077 2437 2141 Unum
2486 2077 2640 2141 cedo

497 2189 822 2249 auctorem
878 2186 975 2248 tui
1020 2185 1205 2268 facti,
1258 2184 1448 2248 unius
1495 2182 1715 2266 profer
1761 2184 2143 2265 exemplum.
2237 2182 2512 2247 Vivum
2560 2187 2642 2247 tu

498 2290 1047 2374 archipiratam
1139 2289 1496 2353 servabas
1564 2326 1648 2334 —
1718 2289 1892 2372 quo?
2017 2289 2141 2354 Per
2220 2288 2643 2374 triumphum,

498 2398 714 2481 credo,
788 2420 979 2481 quem
1045 2401 1193 2466 ante
1259 2418 1516 2461 currum
1582 2399 1767 2460 tuum
1836 2396 2125 2481 duceres3
2197 2420 2406 2481 neque
2471 2398 2641 2463 enim

497 2507 841 2590 quicquam
903 2509 1039 2570 erat
1096 2504 1447 2588 reliquum,
1503 2505 1631 2567 nisi
1685 2504 1781 2567 uti
1840 2500 2040 2568 classe
2095 2505 2320 2588 populi
2367 2504 2643 2569 Romani

414 2635 468 2674 20
495 2613 927 2697 pulcherrima
982 2612 1216 2677 amissa
1270 2611 1730 2696 provinciaque
1782 2613 2062 2676 lacerata
2107 2611 2473 2696 triumphus
2520 2612 2643 2677 tibi

495 2722 740 2785 navalis
789 2721 1248 2785 decerneretur.
1763 2734 1766 2737 ·

674 2826 815 2911 Age
879 2848 1101 2910 porro,
1167 2825 1544 2890 custodiri
1611 2826 1874 2890 ducem
1940 2827 2401 2907 praedonum
2471 2849 2640 2892 novo

2679 1559 2744 1607 67

2681 2842 2748 2891 68

496 2956 674 2998 more
714 2955 904 3016 quam
944 2933 1151 2997 securi
1186 2932 1364 2996 feriri
1392 2931 1677 2996 omnium
1712 2933 2004 3015 exemplo
2043 2932 2288 3017 magis
2326 2934 2640 3017 placuit.
2732 3007 2739 3018 Ι

498 3040 675 3118 Quae
735 3042 886 3104 sunt
944 3040 1104 3104 istae
1165 3039 1536 3103 custodiae?
1627 3038 1820 3121 Apud
1867 3059 2029 3121 quos
2073 3038 2397 3122 homines,
2453 3062 2640 3123 quem

417 3167 468 3206 25
499 3148 577 3213 ad
633 3147 899 3212 modum
956 3151 1053 3211 est
1108 3146 1524 3210 adservatus‘?
1623 3145 2067 3210 Lautumias
2127 3145 2642 3232 Syracusanas

499 3275 720 3319 omnes
768 3253 1065 3336 audistis,
1109 3253 1399 3337 plerique
1445 3254 1668 3317 nostis.
1745 3252 1923 3337 Opus
1964 3257 2060 3318 est
2097 3252 2354 3338 ingens,
2399 3256 2643 3340 magni-

497 3361 723 3443 ficum,
772 3381 996 3445 regum
1047 3382 1121 3425 ac
1157 3366 1608 3444 tyrannorum3
1654 3364 1866 3426 totum
1906 3364 2004 3424 est
2041 3383 2075 3424 e
2112 3382 2267 3426 saxo
2306 3362 2375 3425 in
2410 3363 2645 3426 miran-

497 3467 642 3531 dam
709 3467 1114 3532 altitudinem
1148 3459 1479 3551 'depresso
1555 3473 1620 3532 et
1692 3468 2046 3551 multorum
2111 3468 2321 3551 operis
2387 3469 2643 3552 penitus

498 3574 739 3659 excis03
782 3574 948 3638 nihil
993 3579 1129 3640 tam
1176 3576 1465 3639 clausum
1514 3573 1594 3639 ad
1642 3575 1916 3657 exitum,
1960 3573 2125 3637 nihil
2170 3579 2303 3638 tam
2352 3578 2645 3657 saeptum

420 3702 472 3742 30
499 3682 808 3765 undique,
869 3669 1056 3745 nihil'
1099 3685 1232 3746 tam
1299 3685 1514 3746 tutum
1580 3681 1659 3745 ad
1727 3680 2084 3746 custodiam
2146 3702 2265 3744 nec
2329 3681 2470 3745 fieri
2527 3704 2645 3746 nec

499 3788 769 3873 cogitari
822 3792 1054 3872 potest.
1146 3787 1224 3852 In
1276 3789 1392 3852 has
1439 3790 1817 3871 lautumias,
1871 3788 1927 3852 si
1975 3788 2085 3872 qui
2131 3788 2388 3871 publice
2437 3793 2645 3854 custo-

497 3895 712 3960 diendi
768 3899 919 3960 sunt
934 3944 952 3978 ,
1007 3896 1199 3959 etiam
1250 3918 1329 3960 ex
1376 3896 1602 3960 ceteris
1650 3896 1903 3980 oppidis
1952 3893 2207 3960 Siciliae
2255 3896 2482 3961 deduci
2528 3896 2645 3960 im-

496 4007 817 4087 perantur.
936 4002 1035 4066 Eo
1121 4003 1293 4087 quod
1380 4005 1621 4068 multos
1706 3980 1992 4086 captivos
2077 4003 2232 4067 civis
2317 4002 2642 4066 Romanos

500 4110 884 4193 coniecerat,
941 4111 1114 4193 quod
1171 4112 1393 4176 eodem
1453 4114 1696 4175 ceteros
1751 4111 1990 4193 piratas
2049 4110 2238 4174 condi
2282 4110 2647 4191 imperarat,

423 4235 473 4276 ⁸5
501 4216 845 4300 intellexit,
912 4218 966 4282 si
1030 4218 1203 4282 hunc
1268 4217 1664 4283 subditivum
1732 4217 2183 4299 archipiratam
2249 4215 2317 4278 in
2381 4213 2645 4277 eandem

2684 4018 2749 4066 69
