3175 4800
590 398 674 461 10
852 395 894 448 Ι.
934 392 1221 449 Divinatio
1258 394 1320 446 in
1358 393 1420 457 Q.
1448 392 1770 447 Caecilium.
1830 393 2157 463 (Auswahl.)
2233 398 2458 447 'Io—73.

581 562 883 643 aegrotae
930 580 1004 622 ac
1049 580 1251 642 prope
1298 557 1668 640 desperatae
1713 556 1809 621 rei
1845 556 2140 640 publicae
2177 556 2556 639 iudiciisque
2595 579 2729 622 cor·
2771 605 2790 613 -

581 665 791 749 ruptis
857 670 922 729 et
985 664 1437 729 contaminatis
1510 685 1865 747 paucorum
1941 663 2098 728 vitio
2175 682 2249 728 ac
2311 664 2731 746 turpitudine,
2810 687 2824 705 ⁸

504 784 518 796 ⁴
579 772 872 836 homines
947 772 1028 836 ad
1089 773 1308 857 legum
1374 769 1810 834 defensionem
1874 771 2384 853 iudiciorumque
2458 772 2729 836 auctori-

473 1213 539 1262 71

473 2712 538 2759 72

472 3885 536 3933 73

580 884 780 943 tatem
829 901 1022 961 quam
1057 877 1548 942 honestissimos
1587 880 1653 941 et
1689 878 2137 962 integerrimos
2178 877 2730 962 diligentissimos-

583 1007 706 1067 que
767 986 1091 1069 accedere3
1156 989 1294 1068 aut,
1356 984 1411 1049 si
1469 1007 1551 1048 ne
1610 984 1736 1048 h'oc
1797 984 2055 1067 quidem
2115 984 2417 1067 prodesse
2471 985 2730 1069 poterit,
2758 1007 2782 1045 5

581 1092 871 1174 profecto
918 1094 1100 1157 nulla
1146 1101 1455 1174 umquam
1503 1091 1821 1157 medicina
1867 1091 1969 1155 his
2017 1095 2117 1155 tot
2163 1091 2588 1155 incommodis
2633 1092 2728 1155 re-

580 1200 878 1282 perietur.
970 1199 1171 1264 Nulla
1228 1200 1399 1263 salus
1454 1198 1548 1263 rei
1604 1198 1902 1282 publicae
1963 1198 2169 1262 maior
2216 1202 2313 1262 est
2360 1220 2553 1280 quam
2601 1220 2730 1280 eos,

582 1307 693 1388 qui
741 1306 1014 1370 alterum
1075 1309 1405 1388 accusant,
1459 1326 1594 1368 non
1647 1304 1861 1368 minus
1923 1305 2000 1369 de
2058 1305 2274 1389 laude,
2330 1305 2407 1368 de
2466 1305 2730 1387 honore,

581 1412 657 1476 de
713 1412 885 1487 fama
945 1435 1060 1476 sua
1117 1435 1309 1495 quam
1368 1412 1515 1476 illos
1588 1411 1702 1494 qui
1770 1417 2178 1495 accusantur,
2239 1413 2317 1476 de
2378 1412 2587 1495 capite
2654 1435 2726 1476 ac

576 1519 853 1584 fortunis
902 1520 1033 1587 suis
1072 1520 1537 1604 pertimescere.
1603 1518 1834 1603 Itaque
1869 1541 2122 1603 semper
2156 1519 2203 1582 ii
2241 1519 2727 1605 diligentissime
2758 1542 2809 1580 ιο

576 1627 1206 1713 laboriosissimeque
1267 1631 1678 1711 accusarunt,
1740 1628 1851 1711 qui
1911 1648 1979 1691 se
2033 1628 2209 1711 ipsos
2270 1627 2339 1690 in
2386 1627 2728 1691 discrimen
2820 1633 2828 1645 '

576 1735 1071 1799 existimationis
1119 1736 1335 1799 venire
1382 1735 1677 1799 arbitrati
1722 1739 1889 1799 sunt.

760 1840 967 1917 Quam
1033 1841 1114 1905 ob
1180 1863 1317 1904 rem
1380 1840 1522 1903 hoc
1588 1843 1958 1921 statuere,
2020 1841 2343 1922 iudices,
2408 1841 2727 1921 debetis,

577 1947 651 2023 Q.
684 1946 1132 2030 Caecilium,
1219 1947 1297 2011 de
1373 1967 1502 2027 quo
1576 1946 1757 2008 nulla
1838 1966 2147 2027 umquam
2231 1946 2448 2028 opinio
2532 1946 2727 2008 fuerit

576 2055 881 2137 nullaque
942 2054 1011 2119 in
1069 2054 1195 2118 hoc
1253 2054 1395 2136 ipso
1452 2052 1689 2116 iudicio
1754 2051 2114 2134 expectatio
2162 2050 2382 2114 futura
2428 2051 2539 2133 sit,
2596 2051 2723 2132 qui,
2753 2072 2803 2109 15

577 2184 785 2245 neque
857 2167 932 2228 ut
1004 2165 1152 2226 ante
1228 2161 1565 2225 coHectam
1638 2159 1878 2223 famam
1952 2161 2285 2222 conservet
2355 2178 2564 2239 neque
2627 2158 2726 2221 uti

577 2270 812 2351 reliqui
875 2269 1184 2352 temporis
1251 2290 1431 2352 spem
1497 2267 1866 2349 confirmet,
1936 2264 2216 2348 laborat,
2279 2287 2431 2329 non
2492 2265 2722 2339 nimis

577 2375 772 2440 hanc
833 2397 1135 2442 causam
1192 2397 1478 2456 severe,
1530 2395 1666 2438 non
1717 2372 1910 2437 nimis
1972 2375 2295 2456 accurate,
2354 2394 2489 2436 non
2531 2371 2722 2468 nimis

579 2483 919 2569 diligenter
978 2486 1353 2564 acturum3
1413 2481 1612 2545 habet
1667 2480 1844 2553 ⁴enim
1901 2480 2094 2563 nihil,
2157 2480 2330 2562 quod
2393 2481 2463 2543 in
2529 2481 2723 2543 offen-

579 2590 756 2654 sione
813 2588 1143 2672 deperdat3
1197 2592 1272 2653 ut
1326 2588 1696 2671 turpissime
1744 2587 2394 2674 flagitiosissimeque
2420 2587 2722 2669 discedat,
2749 2607 2802 2645 20

577 2696 742 2758 nihil
802 2695 879 2758 de
940 2694 1071 2758 suis
1132 2694 1454 2765 veteribus
1531 2695 1923 2759 ornamentis
1987 2694 2285 2776 requiret.
2378 2692 2439 2757 A
2496 2695 2720 2759 nobis

578 2803 858 2866 multos
922 2802 1228 2866 obsides
1287 2802 1520 2865 habet
1579 2802 1911 2885 populus
1961 2800 2380 2883 Romanus,
2442 2822 2601 2882 quos
2649 2805 2773 2864 ut‘

577 2910 951 2973 incolumes·
1004 2930 1407 2992 conservare,
1479 2909 1675 2991 tueri,
1745 2909 2128 2972 confirmare
2199 2929 2272 2971 ac
2344 2930 2722 2992 recuperare

577 3015 926 3099 possimus,
973 3017 1149 3080 omni
1193 3017 1442 3081 ratione
1491 3016 1613 3079 erit
1660 3015 2122 3097 dimicandum3
2158 3014 2355 3082 habet
2390 3015 2722 3097 honorem,

577 3145 768 3205 quem
840 3124 1149 3207 petimus,
1220 3123 1419 3187 habet
1489 3144 1699 3206 spem,
1787 3142 1979 3203 quam
2053 3121 2452 3206 propositam
2531 3122 2718 3186 nobis
2750 3141 2801 3180 25

575 3229 914 3312 habemus,
985 3230 1183 3294 habet
1256 3229 1798 3294 existimationem
1871 3230 2078 3292 multo
2162 3229 2422 3311 sudore,
2501 3230 2720 3293 labore

575 3335 943 3420 vigiliisque
1006 3336 1371 3418 collectam,
1430 3339 1540 3417 ut,
1587 3335 1643 3399 si
1701 3335 1771 3397 in
1829 3335 1951 3399 hac
1999 3356 2191 3399 causa
2236 3337 2532 3399 nostrum
2581 3335 2720 3398 offi-

578 3442 747 3506 cium
804 3463 878 3506 ac
934 3441 1334 3527 diligentiam
1391 3442 1907 3527 probaverimus,
1964 3442 2123 3507 haec
2204 3464 2366 3524 quae
2432 3442 2565 3505 dixi
2626 3465 2720 3505 re-

574 3550 778 3613 tinere
815 3572 930 3634 per
964 3550 1280 3634 populum
1318 3548 1685 3618 Romanum
1731 3549 2082 3613 incolumia
2128 3570 2202 3613 ac
2249 3549 2425 3612 salva
2470 3550 2720 3633 possi-

576 3678 763 3739 mus3
802 3657 858 3720 si
894 3659 1218 3721 tantulum
1266 3657 1583 3722 offensum
1622 3657 2103 3738 titubatumque
2140 3656 2252 3737 sit,
2296 3659 2380 3720 ut
2418 3679 2519 3738 ea,
2558 3679 2718 3737 quae
2749 3676 2800 3714 30

576 3762 952 3848 singillatim
1014 3784 1088 3827 ac
1149 3763 1259 3826 diu
1318 3765 1589 3828 collecta
1650 3767 1829 3846 sunt,
1887 3785 2016 3826 uno
2078 3767 2369 3847 tempore
2423 3763 2720 3827 universa

574 3869 997 3953 perdamus.
1090 3868 1522 3954 Quapropter,
1581 3871 1851 3953 iudices,
1909 3873 2195 3934 vestrum
2261 3875 2359 3935 est
2422 3869 2720 3955 deligere,

576 3997 767 4060 quem
816 3976 1193 4042 existimetis
1241 3976 1546 4041 facillime
1593 3999 1782 4060 posse
1820 3977 2333 4063 magnitudinem
2371 3999 2598 4042 causae
2645 3998 2719 4041 ac

574 4083 795 4148 iudicii
833 4084 1146 4149 sustinere
1183 4084 1338 4167 fide,
1376 4084 1738 4170 diligentia,
1775 4085 2072 4168 consili0,
2109 4085 2507 4148 auctoritate.
2582 4083 2717 4148 Vos

574 4191 628 4254 si
702 4191 863 4255 mihi
927 4190 999 4268 Q.
1036 4189 1381 4257 Caecilium
1457 4191 1978 4276 anteposueritis,
2042 4214 2162 4277 ego
2237 4214 2340 4255 me
2406 4191 2719 4276 dignitate
2748 4211 2800 4250 35
