3175 4800
1400 386 1500 435 109
1514 411 1584 421 -
1599 387 1718 436 114.
2545 385 2630 449 59

493 544 737 609 Cereris
784 544 1140 610 Victoriam
1188 545 1430 629 eripere
1479 550 1544 610 et
1580 546 1764 611 deam
1804 545 1958 610 deae
1995 544 2328 610 detrahere
2366 550 2633 610 conatus

492 651 602 716 es?
690 650 981 728 Quorum
1035 652 1200 716 nihil
1253 653 1522 736 violare,
1573 652 1742 716 nihil
1788 652 2104 738 attingere
2150 652 2290 716 ausi
2335 656 2515 735 sunt,
2566 653 2635 716 in

492 758 724 841 quibus
791 764 973 824 erant
1036 760 1280 843 omnia,
1344 782 1507 844 quae
1572 761 1798 825 sceleri
1860 759 2164 843 propiora
2227 763 2379 823 sunt
2442 781 2634 843 quam

488 865 803 951 religioni.
921 866 1362 931 Tenuerunt
1443 867 1617 931 enim
1703 866 1771 930 P.
1819 864 2126 950 Popilio
2202 864 2271 929 P.
2319 865 2634 950 Rupilio

439 952 942 1037 §consulibus
1024 973 1246 1038 illum
1326 976 1585 1039 locum
1670 972 1906 1057 servi,
1986 973 2274 1059 fugitivi,
2363 973 2638 1055 barbari,

488 1079 735 1163 hostes3
791 1080 902 1144 sed
964 1102 1174 1164 neque
1237 1084 1372 1145 tam
1436 1082 1605 1146 servi
1667 1081 1764 1145 illi
1829 1080 2237 1144 dominorum
2305 1101 2497 1163 quam
2562 1083 2636 1144 tu

487 1186 859 1270 libidinum,
915 1208 1125 1270 neque
1184 1191 1317 1251 tam
1383 1188 1646 1273 fugitivi
1703 1187 1803 1252 illi
1863 1188 1943 1252 ab
1999 1186 2275 1251 dominis
2323 1208 2517 1269 quam
2562 1190 2637 1250 tu

490 1292 569 1356 ab
634 1292 772 1373 iure
836 1296 901 1356 et
964 1293 1045 1357 ab
1108 1293 1391 1380 legibue,
1450 1318 1661 1379 neque
1720 1299 1855 1360 tam
1919 1294 2204 1378 barbari,
2260 1294 2513 1379 lingua,
2572 1296 2637 1357 et
2721 1293 2725 1297 ’

487 1400 749 1464 natione
803 1400 901 1464 illi
958 1421 1151 1483 quam
1207 1404 1281 1464 tu
1334 1406 1567 1467 natura
1622 1406 1687 1467 et
1733 1402 2050 1484 moribus,
2103 1423 2314 1485 neque
2360 1406 2493 1465 tam
2540 1400 2638 1463 illi

411 1527 462 1567 1ο
488 1507 707 1572 hostes
758 1506 1128 1572 hominibus
1177 1529 1373 1591 quam
1416 1513 1491 1573 tu
1537 1507 1636 1572 dis
1682 1509 2174 1573 immortalibus.
2266 1506 2469 1583 Quae
2517 1506 2638 1570 de-

491 1614 840 1697 precatio
890 1616 1007 1678 est
1052 1614 1254 1699 igitur
1299 1615 1368 1678 ei
1412 1616 1743 1699 reliqua,
1790 1616 1921 1700 qui
1965 1614 2440 1700 indignitate
2488 1635 2638 1677 ser-

488 1742 578 1784 vo
592 1741 650 1803 s,
714 1721 1075 1785 temeritate
1139 1721 1479 1807 fugitivos,
1542 1723 1778 1786 scelere
1853 1722 2188 1804 barbaros,
2261 1720 2637 1784 crudelitate

489 1826 708 1891 hostes
755 1826 1080 1891 vicerit?

664 1933 955 1999 Audistis
1021 1934 1430 2000 Theodorum
1497 1941 1561 2001 et
1626 1936 2024 2001 Numenium
2084 1940 2150 2000 et
2203 1935 2636 2014 Nicasionem,

408 2060 461 2101 15
487 2041 789 2127 legatos
845 2040 1322 2126 Hennenses,
1375 2044 1684 2127 publice
1741 2044 1992 2108 dicere
2039 2063 2177 2107 sese
2225 2065 2262 2105 a
2308 2043 2439 2106 suis
2488 2041 2638 2104 civi-

490 2147 609 2211 bus
654 2147 815 2212 haec
859 2148 1095 2212 habere
1142 2149 1474 2233 mandata,
1519 2154 1604 2214 ut
1650 2150 1730 2213 ad
1767 2149 2036 2214 Verrem
2084 2148 2334 2213 adirent
2379 2151 2445 2211 et
2490 2169 2637 2211 eum

491 2254 982 2318 simulacrum
1039 2252 1336 2318 Cereris
1403 2259 1476 2320 et
1512 2255 1911 2321 Victoriae
1973 2256 2498 2338 reposcerent3
2570 2252 2640 2316 id

491 2360 546 2424 si
588 2360 1047 2444 inpetrassent,
1091 2365 1232 2426 tum
1277 2366 1352 2427 ut
1397 2385 1643 2429 morem
1680 2367 1959 2429 veterem
1998 2360 2443 2427 Hennensium
2491 2381 2638 2425 con-

489 2472 842 2552 servarent,
913 2468 1171 2553 publice
1243 2470 1313 2533 in
1386 2493 1561 2555 eum,
1633 2471 1893 2536 tametsi
1964 2471 2259 2533 vexasset
2333 2466 2639 2550 Siciliam,

407 2594 462 2635 xo
487 2577 732 2658 tamen,
793 2576 1096 2658 quoniam
1127 2576 1314 2642 'haec
1374 2601 1412 2642 a
1464 2578 1816 2643 maioribus
1872 2577 2172 2641 instituta
2225 2575 2639 2659 accepissent,

487 2682 928 2746 testimonium
992 2706 1073 2748 ne
1140 2685 1312 2769 quod
1377 2685 1687 2770 dicerent3
1752 2686 1853 2750 sin
1908 2688 2124 2749 autem
2180 2706 2255 2748 ea
2307 2704 2442 2747 non
2497 2682 2638 2745 red-

488 2788 780 2872 didisset,
834 2793 974 2853 tum
1030 2794 1103 2855 ut
1164 2792 1234 2855 in
1277 2792 1513 2856 iudicio
1563 2792 1887 2874 adessent,
1931 2796 2072 2856 tum
2117 2795 2192 2853 ut
2238 2789 2316 2853 de
2363 2790 2498 2852 eius
2544 2789 2638 2852 in-

488 2895 668 2957 iuriis
724 2895 966 2959 iudices
1025 2896 1354 2979 docerent,
1409 2899 1519 2961 sed
1577 2899 1855 2961 maxime
1911 2899 1989 2961 de
2042 2896 2353 2981 religione
2420 2917 2638 2977 quere-

487 3003 795 3065 rerentur.
898 3000 1068 3078 Quas
1147 3003 1407 3066 illorum
1487 3004 1917 3087 querimonias
1995 3004 2226 3085 nolite,
2297 3024 2414 3085 per
2483 3001 2636 3065 deos

409 3128 462 3169 15
488 3108 890 3192 inmortales,
963 3109 1315 3192 aspernari,
1385 3111 1587 3174 nolite
1664 3113 2069 3175 contemnere
2143 3130 2216 3173 ac
2279 3109 2638 3194 neglegere,

490 3214 757 3278 iudices!
832 3213 1138 3300 Aguntur
1201 3216 1471 3281 iniuriae
1537 3218 1888 3299 sociorum,
1952 3216 2167 3302 agitur
2229 3216 2325 3279 vis
2398 3216 2637 3301 legum,

490 3320 704 3406 agitur
740 3321 1127 3387 existimatio
1157 3323 1518 3408 veritasque
1554 3324 1957 3389 iudiciorum.
2019 3322 2195 3400 Quae
2232 3329 2384 3388 sunt
2421 3324 2637 3387 omnia

486 3449 856 3513 permagna,
883 3451 1106 3493 verum
1143 3430 1303 3494 illud
1343 3432 1725 3495 maximum:
1760 3435 1942 3495 tanta
1976 3431 2288 3514 religione
2328 3430 2637 3496 obstricta

487 3539 626 3599 tota
670 3535 1003 3619 provincia
1041 3541 1165 3619 est,
1209 3540 1390 3601 tanta
1428 3538 1799 3622 superstitio
1839 3560 1918 3601 ex
1953 3537 2140 3600 istius
2177 3537 2349 3601 facto
2388 3542 2634 3602 mentes

409 3662 463 3703 so
491 3642 779 3705 omnium
836 3641 1200 3708 Siculorum
1256 3645 1622 3728 occupavit,
1681 3648 1780 3727 ut,
1841 3666 2279 3728 quaecumque
2343 3645 2637 3709 accidant

487 3748 744 3832 publice
815 3749 1246 3833 privatimque
1317 3751 1755 3834 incommoda,
1825 3754 2091 3834 propter
2162 3773 2302 3815 eam
2378 3772 2634 3816 causam

2677 1950 2779 1998 113

489 3856 744 3921 sceleris
807 3857 997 3921 istius
1062 3857 1315 3921 evenire
1377 3858 1732 3922 videantur.
1824 3857 2114 3923 Audistis
2165 3857 2635 3942 CenturipinoS,
2675 3873 2776 3920 114

488 3961 952 4048 Agyrinenses,
1009 3962 1408 4048 Catinenses,
1453 3964 1839 4049 Aetnenses,
1882 3964 2300 4031 Herbitenses
2350 3967 2628 4048 complu-

490 4091 716 4153 resque
763 4072 923 4135 alios
970 4071 1228 4156 publice
1276 4072 1512 4156 dicere,
1569 4094 1732 4156 quae
1779 4072 2060 4136 solitudo
2109 4077 2277 4136 esset
2321 4073 2391 4135 in
2445 4070 2635 4155 agriS,

412 4196 464 4236 ⁸⁵
495 4197 654 4258 quae
699 4179 964 4243 vastitas
976 4228 994 4261 ,
1049 4201 1212 4263 quae
1258 4179 1415 4265 fuga
1460 4184 1814 4262 aratorum,
1869 4201 2061 4263 quam
2110 4180 2386 4258 deserta,
2441 4197 2632 4259 quam
