3175 4800
1415 398 1673 465 ,64—011.
2534 388 2622 454 43

477 558 843 623 acerrime
899 557 1209 642 coepit·
1271 555 1403 622 Ubi
1462 557 1641 622 videt
1696 581 1842 625 eum
1903 560 2108 625 nihilo
2163 555 2370 644 magis
2429 552 2621 617 minis

478 686 671 749 quam
717 664 1013 749 precibus
1058 665 1446 749 permoveri,
1493 671 1817 749 repente
1876 667 2259 732 hominem
2320 665 2406 728 de
2451 681 2622 746 pro-

474 771 729 836 vincia
769 771 985 836 iubet
1022 774 1195 835 ante
1231 774 1532 838 noctem
1571 773 1964 859 decedere3
2002 774 2093 838 ait
2130 795 2197 838 se
2236 768 2620 853 comperisse

476 900 557 944 ex
618 879 754 943 eius
812 900 1012 963 regno
1073 877 1312 964 piratas
1373 879 1454 943 ad
1515 876 1802 945 Siciliam
1859 901 1996 946 esse
2054 884 2377 946 venturos.
2482 873 2624 940 Rex

423 1005 447 1046 ⁶
475 985 757 1050 maximo
806 990 1127 1050 conventu
1165 982 1497 1071 Syracusis
1543 987 1614 1051 in
1659 988 1800 1052 foro
1850 986 1960 1076 (ne
2008 988 2148 1071 quis
2194 987 2364 1051 forte
2405 1003 2508 1049 me
2552 973 2622 1045 in

477 1092 741 1158 crimine
790 1092 1062 1156 obscuro
1107 1094 1346 1157 versari
1383 1096 1576 1176 atque
1615 1094 1940 1180 adfingere
1978 1094 2220 1176 aliquid
2258 1089 2621 1174 suspicione

475 1198 813 1263 hominum
859 1195 1252 1286 arbitretur),
1294 1199 1365 1263 in
1409 1199 1583 1285 foro,
1629 1201 1923 1285 inquam,
1970 1200 2302 1285 Syracusis
2348 1198 2509 1261 flens
2548 1215 2622 1258 ac

477 1306 629 1370 deos
688 1305 1110 1390 hominesque
1170 1310 1535 1372 contestans
1585 1310 1861 1373 clamare
1909 1309 2123 1393 coepit
2169 1304 2620 1373 candelabrum

474 1412 719 1477 factum
784 1435 818 1476 e
882 1413 1182 1498 gemmiS,
1246 1405 1418 1496 quod
1479 1413 1550 1478 in
1611 1413 2002 1499 Capitolium
2065 1416 2377 1480 missurus
2438 1412 2623 1491 esset,

399 1540 451 1580 ιο
479 1519 652 1603 quod
697 1520 768 1583 in
811 1521 1056 1603 templo
1104 1520 1456 1584 clarissimo
1502 1523 1748 1604 populo
1788 1521 2082 1587 Romano
2129 1520 2620 1586 monumentum

478 1648 628 1691 suae
688 1627 1013 1692 societatis
1073 1626 1517 1714 amicitiaeque
1577 1649 1715 1692 esse
1775 1629 2111 1711 voluisset,
2174 1627 2240 1691 id
2300 1625 2380 1689 ab
2440 1644 2507 1688 se
2555 1619 2620 1685 O.

476 1731 745 1797 Verrem
784 1732 1151 1816 abstulisse3
1197 1733 1274 1797 de
1312 1733 1537 1798 ceteris
1576 1735 1878 1818 operibus
1918 1758 1999 1799 ex
2035 1755 2190 1798 auro
2230 1737 2295 1798 et
2331 1721 2623 1817 gemmis,

481 1860 644 1922 quae
701 1860 817 1903 sua
869 1861 1065 1922 penes
1120 1839 1303 1904 illum
1360 1844 1602 1925 essent,
1656 1863 1723 1906 se
1776 1864 1910 1907 non
1953 1842 2274 1924 laborare,
2325 1839 2451 1904 hoc
2499 1834 2623 1901 sibi

478 1945 638 2031 eripi
683 1946 987 2011 miserum
1025 1967 1163 2011 esse
1200 1951 1264 2011 et
1299 1947 1655 2034 indignum.
1737 1947 1812 2015 Id
1850 1948 1970 2013 etsi
2009 1952 2201 2014 antea
2240 1949 2369 2012 iam
2404 1946 2621 2010 mente

403 2064 454 2115 ιε
482 2057 547 2118 et
593 2053 984 2139 cogitatione
1021 2075 1138 2118 sua
1171 2054 1516 2139 fratrisque
1555 2056 1656 2119 sui
1695 2059 2137 2121 consecratum
2175 2057 2369 2136 esset,
2405 2056 2623 2118 tamen

479 2164 619 2223 tum
666 2180 734 2224 se
769 2159 840 2224 in
876 2160 989 2224 illo
1029 2165 1350 2225 conventu
1389 2162 1625 2226 civium
1665 2160 2108 2226 Romanorum
2146 2159 2323 2243 dare,
2369 2159 2623 2239 donare,

418 2302 429 2311 ·
481 2266 719 2349 dicare,
772 2286 1142 2330 consecrare
1187 2264 1328 2330 Iovi
1374 2267 1622 2352 optimo
1671 2268 1953 2332 maximo
1999 2270 2360 2349 testemque
2405 2264 2619 2349 ipsum

477 2370 698 2439 Iovem
746 2364 897 2437 suae
943 2373 1295 2439 voluntatis
1342 2395 1416 2440 ac
1459 2375 1792 2462 religionis
1840 2375 2157 2441 adhibere.

655 2480 787 2547 Des
855 2481 1069 2547 Verres
1136 2480 1459 2548 Verhalten
1512 2503 1701 2566 yeyen
1760 2486 1879 2550 den
1940 2483 2218 2549 Prinzen
2278 2479 2622 2546 Antiochus

404 2608 456 2649 20
483 2590 650 2671 mals
694 2587 857 2654 Rom
904 2588 999 2653 bei
1042 2590 1162 2654 den
1202 2590 1485 2671 fremden
1534 2590 1799 2656 Wlkern
1834 2592 1906 2655 in
1955 2591 2184 2674 Verruf
2226 2589 2513 2671 brinyen,
2559 2606 2622 2652 es

478 2696 611 2762 tritt
653 2698 764 2761 der
807 2695 980 2760 Em
1023 2696 1128 2761 des
1176 2677 1459 2779 catastas,
1505 2699 1613 2763 des
1672 2697 2259 2764 wiederherstezzers
2304 2697 2408 2761 des
2453 2694 2623 2775 capa·-

477 2802 837 2867 tolinischen
885 2801 1189 2885 Tempels7
1231 2823 1311 2866 zu
1353 2803 1531 2867 nahe.

656 2906 863 2972 Vobis
918 2909 1162 2990 autem,
1215 2906 1485 2990 iudices,
1541 2909 1695 2990 quid
1749 2907 1876 2973 hoc
1932 2907 2257 2993 indignius
2307 2911 2419 2971 aut
2465 2906 2620 2990 quid

479 3013 693 3079 minus
748 3012 1082 3077 ferendum
1136 3011 1340 3076 videri
1397 3011 1658 3095 potest?
1747 3013 2064 3078 Verresne
2122 3012 2389 3078 habebit
2449 3012 2624 3076 domi

400 3139 452 3180 2⁶
481 3142 632 3185 suae
692 3118 1144 3185 candelabrum
1207 3117 1379 3184 Iovis
1438 3142 1473 3184 e
1537 3120 1810 3204 gemmis
1875 3141 2160 3203 auroque
2223 3118 2632 3203 perfectum?

485 3226 678 3291 Cuius
750 3227 1004 3313 fulgore
1077 3227 1411 3291 conlucere
1476 3230 1671 3309 atque
1734 3227 2066 3291 inlustrari
2136 3216 2309 3292 Iovis
2393 3225 2623 3309 optimi

484 3332 747 3396 maximi
792 3334 1108 3416 templum
1156 3333 1520 3418 oportebat,
1575 3333 1641 3397 id
1689 3333 1859 3418 apud
1905 3334 2103 3398 istum
2149 3333 2219 3398 in
2265 3333 2399 3397 eius
2447 3333 2624 3396 modi

483 3439 792 3504 conviviis
840 3439 1294 3523 constituetur,
1340 3461 1501 3523 quae
1549 3441 1916 3505 domesticis
1955 3441 2194 3525 stupris
2231 3439 2623 3525 flagitiisque
2731 3453 2739 3458 ’

480 3545 891 3633 flagrabunt?
947 3544 1026 3611 In
1069 3545 1257 3611 istius
1292 3547 1543 3612 lenonis
1591 3548 1949 3632 turpissimi
1996 3548 2187 3612 domo
2235 3548 2428 3612 simul
2476 3568 2622 3611 cum

403 3672 457 3713 ⁸0
484 3654 709 3719 ceteris
771 3653 1137 3719 Chelidonis
1194 3653 1596 3719 hereditariis
1654 3655 2046 3719 ornamentis
2106 3653 2383 3738 Capitoli
2440 3675 2621 3718 orna-

483 3765 701 3826 menta
744 3751 1107 3846 ponentur?
1179 3759 1347 3838 Quid
1389 3762 1543 3826 h'uic
1588 3762 1754 3827 sacri
1797 3784 2106 3844 umquam
2143 3762 2281 3827 fore
2317 3764 2430 3825 aut
2467 3760 2622 3845 quid

480 3869 768 3954 religiosi
811 3868 1010 3933 fuisse
1056 3869 1325 3952 putatis,
1372 3868 1483 3952 qui
1526 3890 1702 3933 nunc
1745 3871 1928 3932 tanto
1975 3870 2212 3933 scelere
2250 3889 2319 3932 se
2356 3867 2623 3932 obstric-

483 3979 625 4040 tum
685 3997 821 4041 esse
879 3997 1013 4040 non
1072 3975 1332 4060 sentiat,
1395 3975 1505 4060 qui
1565 3976 1635 4039 in
1693 3975 2002 4039 iudicium
2061 3975 2304 4057 veniat,
2368 3973 2481 4037 ubi
2538 3996 2624 4037 ne

484 4083 730 4166 precari
791 4082 1048 4165 quidem
1100 4079 1320 4146 Iovem
1375 4084 1693 4168 optimum
1749 4082 2102 4145 maximum
2158 4085 2350 4163 atque
2405 4078 2485 4142 ab
2544 4099 2618 4141 eo

406 4206 458 4248 35
487 4190 796 4254 auxilium
856 4193 1072 4273 petere
1118 4211 1296 4254 more
1343 4190 1632 4254 omnium
1679 4187 1928 4273 possit?
2005 4186 2067 4251 A
2114 4208 2239 4268 quo
2301 4184 2495 4248 etiam
2542 4184 2594 4268 ,d

2659 888 2727 937 6⁷

2660 2494 2725 2544 67

2656 2562 2729 2601 bis

2660 2620 2688 2667 7
2695 2619 2728 2667 Ο

2662 2923 2725 2972 71
