3175 4800
1384 367 1629 436 ἰφ-33.
2509 365 2594 429 95

448 548 620 592 nunc
658 525 957 610 cuiquam
998 525 1186 590 credo
1226 546 1363 590 esse
1401 525 1699 609 dubium,
1738 524 1895 608 quin
1923 529 1995 589 tu
2032 524 2099 588 id
2138 525 2594 590 commissurus

448 656 581 699 non
614 633 840 716 fueris,
885 632 1262 717 praesertim
1301 654 1447 697 cum
1487 632 1853 715 statuisses,
1897 634 1971 695 ut
2009 631 2132 715 ais,
2176 631 2299 696 tibi
2337 654 2594 698 causam

450 762 585 806 esse
632 740 995 824 dicendam,
1048 744 1122 805 ut
1167 741 1277 805 ille
1326 739 1712 824 archipirata
1756 762 1889 803 000
1933 740 2151 822 potius
2199 740 2408 804 securi
2451 740 2597 804 feri-

446 838 650 932 retur,
697 871 918 932 quam,
965 847 1140 931 quod
1177 850 1313 912 erat
1351 850 1499 911 ante
1537 847 1759 911 oculos
1797 846 2113 930 positum,
2157 849 2271 911 tuo
2309 846 2594 930 periculo

395 982 420 1022 5
446 955 715 1021 viveret!
809 954 878 1021 Si
923 956 1106 1020 'enim
1163 958 1330 1019 esset
1385 957 1708 1037 mortuus,
1762 956 1863 1037 tu,
1919 953 2031 1038 qui
2087 953 2330 1019 crimen
2384 955 2475 1018 ais
2531 957 2597 1019 te

446 1062 779 1146 metuisse,
839 1085 1104 1147 quaero,
1164 1062 1268 1127 cui
1339 1061 1694 1145 probares?
1785 1059 1947 1125 Cum
2011 1065 2335 1127 constaret
2398 1061 2595 1126 istum

448 1168 781 1254 Syracusis
840 1193 878 1233 a
929 1171 1110 1234 nullo
1168 1169 1379 1234 visum
1437 1189 1573 1233 esse
1630 1168 2113 1252 archipiratam,
2168 1169 2247 1232 ab
2297 1168 2595 1232 omnibus

447 1276 903 1361 desideratum,
959 1299 1106 1342 cum
1163 1276 1486 1341 dubitaret
1538 1297 1729 1340 nemo
1739 1323 1759 1358 ,
1815 1274 1972 1359 quin
2027 1276 2139 1339 abs
2200 1278 2265 1339 te
2324 1275 2598 1359 pecunia

422 1384 754 1450 'liberatus
794 1386 990 1468 esset,
1029 1406 1176 1449 cum
1214 1386 1409 1472 volgo
1446 1385 1868 1469 loquerentur
1904 1382 2313 1468 suppositum
2351 1382 2422 1447 in
2459 1382 2593 1447 eius

367 1516 420 1555 ιο
445 1493 690 1577 1001110,
728 1506 938 1576 ι1111010
993 1514 1110 1576 pro
1168 1492 1281 1556 illo
1337 1492 1611 1576 probare
1657 1492 1883 1574 velles,
1944 1513 2091 1555 cum
2146 1496 2220 1555 tu
2274 1493 2340 1555 te
2386 1490 2593 1554 fassus

447 1618 629 1664 08808·
661 1599 726 1663 id
777 1599 1019 1664 crimen
1063 1601 1247 1663 tanto
1297 1602 1445 1664 ante
1491 1598 1826 1662 metuisse:
1873 1598 1928 1663 si
1975 1620 2122 1662 eum
2170 1596 2409 1662 diceres
2458 1618 2595 1661 esse

446 1711 802 1790 mortuum,
849 1706 991 1790 quis
1037 1710 1103 1771 te
1151 1704 1443 1770 audiret?

623 1812 844 1878 Durch
897 1813 1061 1879 diese
1117 1813 1314 1878 Beate
1367 1812 1715 1895 bereichert,
1773 1815 1865 1877 tat
1915 1834 1982 1877 er
2036 1811 2189 1879 doch
2241 1811 2440 1876 mahts
2480 1812 2594 1893 fu'r
2634 1822 2698 1869 79

446 1921 544 1986 die
570 1919 779 1986 Flotte
813 1921 948 1987 und
976 1921 1082 1985 die
1109 1917 1428 1999 Soldaten,
1465 1920 1813 1985 verbrachte
1847 1920 2140 1985 vielmehr
2165 1920 2283 1984 den
2311 1917 2592 1984 Sommer
2631 1947 2695 1995 81

366 2049 416 2089 ιε
443 2028 514 2092 in
557 2028 766 2093 01110111
800 2028 966 2094 Zelte
1008 2028 1170 2093 nahe
1214 2028 1309 2093 bei
1354 2030 1465 2094 der
1518 2027 1724 2108 Qualle
1760 2027 2101 2106 Arethusa,
2147 2028 2327 2090 meist
2360 2027 2432 2090 111
2473 2024 2591 2089 Ge-

442 2135 752 2218 sellschaft
795 2157 913 2200 11011
957 2136 1308 2200 sittenlosem
1367 2135 1674 2199 Weibern.

621 2240 782 2305 Erat
825 2241 1018 2323 Nice,
1071 2240 1235 2306 facie
1283 2240 1544 2322 eximia,
1599 2243 1672 2304 ut
1718 2238 2149 2323 praedicatur,
2203 2260 2366 2302 uxor
2413 2236 2589 2302 Cleo·
2630 2254 2695 2303 82

445 2346 615 2412 meni
677 2346 1078 2433 Syracusani.
1184 2346 1371 2413 Hanc
1431 2345 1804 2413 Cleomenes
1865 2347 1965 2412 vir
2022 2346 2311 2430 amabat,
2368 2368 2589 2411 verum

442 2459 660 2520 tamen
703 2455 896 2520 huius
943 2455 1200 2520 libidini
1247 2455 1567 2520 adversari
1613 2477 1732 2520 nec
1768 2458 2021 2539 poterat
2057 2475 2176 2518 nec
2215 2453 2491 2518 audebat
2528 2458 2592 2518 et

364 2582 418 2622 20
444 2562 637 2627 3110111
702 2564 782 2628 ab
848 2564 973 2628 isto
1040 2563 1225 2628 donis
1295 2563 1752 2647 beneficiisque
1813 2562 2034 2626 multis
2095 2561 2588 2626 devinciebatur.

439 2666 561 2733 Π10
602 2673 817 2735 autem
855 2673 1146 2755 tempore
1174 2670 1318 2755 iste,
1361 2671 1622 2735 tametsi
1651 2693 1725 2735 ea
1755 2674 1851 2735 est
1877 2668 2157 2733 hominis
2195 2667 2591 2752 inpudentia,

442 2798 634 2859 quam
679 2776 914 2861 nostis,
959 2778 1096 2861 ipse
1134 2783 1353 2841 tamen
1390 2799 1538 2842 cum
1574 2778 1675 2841 vir
1712 2779 1879 2841 esset
1916 2773 2277 2859 Syracusis,
2321 2797 2587 2840 uxorem

442 2883 576 2946 eius
632 2905 862 2966 parum
916 2886 1170 2966 poterat
1227 2883 1440 2946 animo
1499 2884 1712 2946 soluto
1770 2904 1843 2947 ac
1897 2882 2100 2946 libero
2161 2884 2261 2946 tot
2318 2882 2388 2946 in
2447 2886 2589 2947 acta

443 2988 575 3052 dies
651 3008 867 3053 secum
931 2987 1185 3053 habere.
1290 2987 1518 3073 Itaque
1582 2989 1908 3075 excogitat
1970 3011 2106 3053 rem
2171 2990 2588 3076 singularem3

363 3116 414 3157 25
441 3117 663 3179 naves,
705 3096 944 3180 quibus
990 3097 1243 3180 legatus
1280 3095 1673 3179 praefuerat,
1720 3095 2047 3161 Cleomeni
2083 3095 2307 3180 tradit,
2354 3097 2588 3161 classi

441 3204 709 3287 populi
783 3202 1105 3267 Romani
1181 3202 1663 3267 Cleomenem
1738 3201 2301 3287 Syracusanum
2374 3225 2587 3286 prae-

442 3330 606 3374 esse
664 3309 881 3374 iubet
941 3313 1134 3394 atque
1194 3309 1523 3394 imperare.
1616 3291 1762 3375 Hoc
1817 3333 1892 3375 eo
1940 3310 2122 3393 facit,
2181 3313 2254 3374 ut
2298 3310 2409 3374 ille
2454 3333 2588 3375 non

439 3418 648 3481 solum
696 3417 948 3481 abesset
995 3440 1032 3480 a
1070 3417 1291 3501 dom0,
1336 3417 1489 3481 dum
1525 3418 1887 3503 navigaret,
1933 3418 2044 3482 sed
2081 3418 2275 3483 etiam
2311 3417 2587 3482 libenter

440 3545 584 3587 cum
658 3545 894 3610 magno
969 3524 1214 3589 honore
1288 3525 1729 3608 beneficioque
1804 3526 2081 3607 abesset,
2157 3525 2295 3608 ipse
2369 3530 2583 3589 autem

362 3652 413 3691 so
440 3634 687 3695 remoto
736 3633 929 3714 atque
968 3631 1265 3716 ablegato
1304 3632 1442 3696 viro
1479 3655 1614 3697 non
1647 3631 1911 3696 liberius
1952 3652 2144 3714 quam
2184 3634 2371 3696 antea
2409 3629 2582 3719 (quis

437 3736 607 3801 enim
643 3759 952 3820 umquam
990 3738 1176 3803 istius
1213 3738 1468 3803 libidini
1506 3735 1851 3825 obstititP),
1897 3738 2007 3803 sed
2042 3739 2237 3822 paulo
2276 3738 2583 3804 solutiore

373 3907 380 3916 ,
435 3850 652 3910 tamen
689 3843 904 3908 animo
944 3866 1161 3909 secum
1198 3847 1376 3911 illam
1412 3845 1708 3929 haberet,
1744 3846 1798 3910 si
1835 3868 1967 3911 non
1994 3850 2325 3937 tamquam
2354 3846 2584 3929 virum,

438 3953 546 4017 sed
590 3956 924 4037 tamquam
971 3954 1294 4017 aemulum
1340 3954 1733 4018 removisset.

610 4058 925 4142 Accipit
960 4059 1203 4124 'navis
1278 4060 1600 4126 sociorum
1674 4064 1867 4144 atque
1941 4061 2293 4125 amicorum
2369 4058 2580 4123 Cleo-
2619 4075 2686 4122 83

361 4183 411 4223 aa
440 4185 686 4229 menes
749 4164 1293 4250 Syracusanus,
1387 4167 1555 4245 Quid
1611 4157 1892 4252 primum
1948 4172 2061 4232 aut
2115 4185 2409 4231 accusem
2469 4169 2580 4228 aut
