3175 4800
407 1096 505 1146 141

407 2595 506 2644 142

407 3982 507 4032 148

552 383 679 448 110
1143 379 1234 434 IV.
1274 380 1358 434 De
1395 379 1704 449 suppliciis,
1762 378 2089 450 (Auswahl.)

546 547 744 609 ventu
790 543 1322 626 Panhormitano,
1381 546 1663 607 veterem
1721 543 2222 629 negotiatorem,
2281 543 2361 607 ad
2406 543 2697 608 tribunal

550 654 697 715 ante
734 651 927 735 pedes
966 654 1112 715 tuos
1152 651 1231 715 ad
1268 655 1505 714 terram
1544 650 1786 736 virgis
1835 653 1908 715 et
1944 650 2395 715 verberibus
2443 650 2695 715 abiec-

546 757 748 822 tum?
838 743 1023 822 Aude
1078 757 1202 823 hoc
1255 758 1535 841 primum
1592 778 1855 843 negare,
1909 759 1964 823 si
2018 762 2230 842 potes3
2282 778 2472 821 nemo
2520 757 2698 842 Lily--

546 865 690 929 baei
747 864 900 948 fuit,
961 866 1119 948 quin
1177 865 1435 948 viderit,
1492 886 1683 930 nemo
1745 864 1814 944 in
1874 863 2120 949 Sicilia,
2185 864 2343 949 quin
2402 864 2691 929 audierit.

546 970 762 1057 Plagis
820 972 1184 1037 confectum
1242 972 1383 1037 dico
1433 996 1470 1036 a
1513 972 1850 1037 lictoribus
1897 972 2025 1037 tuis
2074 973 2277 1038 civem
2326 971 2692 1036 Romanum
2725 992 2751 1032 5

548 1082 694 1143 ante
755 1080 975 1144 oculos
1035 1082 1182 1144 tuos
1244 1079 1613 1145 concidisse.
1719 1077 1811 1143 At
1870 1102 2064 1162 quam
2129 1079 2213 1144 ob
2279 1099 2564 1162 causam,
2628 1079 2693 1142 di

545 1185 946 1250 inmortales!
1039 1185 1323 1250 Tametsi
1375 1186 1679 1250 iniuriam
1732 1185 1899 1250 facio
1956 1186 2284 1250 communi
2341 1206 2567 1251 causae
2627 1189 2693 1250 et

546 1293 673 1357 iuri
720 1292 1023 1376 civitatis3
1072 1293 1256 1375 quasi
1303 1293 1472 1357 enim
1519 1294 1654 1357 11113
1700 1293 1906 1376 possit
1952 1313 2089 1358 esse
2137 1306 2355 1376 causa,
2410 1314 2523 1358 cur
2567 1292 2692 1358 hoc

547 1401 846 1483 cuiquam
909 1399 1033 1464 civi
1080 1398 1373 1464 Romano
1434 1384 1573 1464 i‘ure
1633 1399 1906 1482 accidat,
1964 1399 2056 1464 ita
2102 1421 2368 1484 quaero,
2415 1422 2576 1484 quae
2620 1400 2691 1464 in

550 1505 820 1572 Servilio
884 1528 1075 1572 causa
1132 1506 1344 1576 fuerit.
1434 1505 1759 1592 Ignoscite
1806 1507 1876 1569 in
1919 1506 2045 1571 hoc
2089 1529 2249 1590 uno,
2293 1507 2562 1591 iudices3
2620 1508 2692 1571 in
2723 1527 2777 1566 ιο

547 1614 771 1679 ceteris
796 1614 990 1679 ‘enim
1050 1636 1182 1679 non
1243 1636 1632 1700 magnopere
1694 1634 1915 1711 causas
1974 1614 2315 1697 requiram.
2405 1614 2689 1679 Locutus

546 1725 682 1787 erat
725 1721 988 1786 liberius
1038 1722 1115 1787 de
1161 1722 1346 1786 istius
1393 1722 1809 1805 improbitate
1856 1726 2049 1805 atque
2107 1722 2411 1805 nequitia.
2504 1716 2689 1799 Quod

544 1829 654 1893 isti
714 1830 981 1893 simulac
1040 1830 1481 1894 renuntiatum
1528 1832 1652 1913 est,
1710 1829 2039 1893 hominem
2085 1829 2265 1894 iubet
2312 1830 2689 1913 Lilybaeum

544 1935 984 2000 vadimonium
1031 1935 1307 2016 Venerio
1371 1957 1553 2001 servo
1615 1935 2007 2019 promittere.
2099 1934 2456 2021 Promittit3
2517 1936 2690 2020 Lily-

545 2042 777 2107 baeum
822 2043 1093 2108 venitur.
1188 2035 1429 2130 Cogere
1462 2066 1639 2108 eum
1699 2043 1939 2127 coepit,
1998 2064 2144 2107 cum
2206 2048 2422 2130 ageret
2478 2065 2688 2126 nemo,
2719 2059 2770 2099 15

544 2135 757 2215 nemo*
801 2151 1184 2233 postularet,
1248 2151 1661 2235 sponsionem
1708 2150 1754 2234 †
1801 2150 2052 2214 milium
2097 2161 2436 2222 nummum
2480 2150 2688 2215 facere

547 2279 694 2322 cum
730 2258 957 2322 lictore
996 2279 1141 2341 suo,
1176 2257 1266 2322 Νι
1311 2283 1536 2324 nuans
1585 2282 1922 2331 QUAESTUM
1961 2282 2259 2344 monam.
2334 2257 2691 2342 Recupera-

545 2368 716 2430 tores
779 2385 845 2429 se
906 2365 984 2429 de
1010 2394 1015 2401 ·
1045 2364 1308 2430 cohorte
1369 2386 1485 2458 sua
1544 2365 1799 2431 dicebat
1858 2365 2174 2429 daturum.
2268 2363 2574 2431 Servilius
2627 2369 2691 2430 et

544 2495 839 2560 recusare
902 2476 967 2537 et
1026 2473 1378 2557 deprecari,
1434 2496 1516 2537 ne
1576 2473 1816 2556 iniquis
1875 2472 2193 2537 iudicibus
2244 2474 2425 2538 nullo
2475 2474 2691 2539 adver·

547 2580 712 2645 sario
774 2580 1080 2644 iudicium
1143 2580 1370 2663 capitis
1432 2580 1501 2643 in
1560 2586 1641 2643 se'
1690 2581 2203 2645 constitueretur.
2288 2579 2473 2676 11333
2543 2601 2688 2645 311111
2717 2595 2771 2633 2⁰

547 2687 822 2750 maxime
863 2687 1260 2769 loqueretur,
1307 2707 1419 2750 sex
1453 2686 1713 2751 lictores
1753 2687 2232 2753 circumsistunt
2269 2686 2691 2762 valentissimi

547 2797 612 2858 et
657 2793 737 2858 ad
791 2794 1138 2877 pulsandos
1195 2793 1751 2878 verberandosque
1809 2795 2103 2859 homines
2160 2792 2689 2876 exercitatissimi,

548 2901 820 2966 caedunt
858 2923 1182 2966 acerrume
1219 2900 1445 2987 virgis3
1484 2901 1759 2985 denique
1795 2902 2127 2984 proximus
2172 2901 2389 2985 lictor,
2436 2901 2513 2965 de
2562 2922 2688 2984 quo

545 3009 674 3072 iam
723 3029 911 3091 saepe
958 3008 1118 3091 dixi,
1179 3006 1465 3091 SextiuS,
1525 3030 1834 3074 converso
1896 3008 2128 3072 bacillo
2187 3009 2406 3073 oculos
2453 3008 2685 3072 misero

544 3115 812 3180 tundere
854 3115 1414 3180 vehementissime
1461 3117 1690 3200 coepit.
1777 3115 2004 3200 Itaque
2049 3116 2187 3199 ille,
2233 3137 2378 3180 cum
2425 3114 2683 3199 sanguis
2713 3125 2765 3165 25

548 3243 618 3287 os
666 3224 1015 3304 oculosque
1063 3223 1475 3306 complesset,
1523 3224 1831 3306 concidit,
1887 3244 2032 3287 cum
2080 3223 2177 3286 illi
2220 3222 2426 3286 nihilo
2473 3221 2686 3285 minus
2721 3224 2732 3234 ’

547 3328 783 3392 iacenti
826 3329 1029 3392 latera
1064 3329 1434 3412 tunderent,
1480 3332 1554 3393 ut
1592 3331 1936 3414 aliquando
1976 3330 2290 3414 spondere
2310 3340 2396 3395 'se
2433 3329 2686 3394 diceret.

548 3433 664 3498 Sic'
709 3434 817 3498 ille
878 3434 1142 3499 affectus
1188 3435 1352 3498 illim
1399 3440 1539 3501 tum
1586 3460 1703 3521 pro
1753 3442 2008 3502 mortuo
2057 3438 2348 3501 sublatus
2394 3434 2688 3519 perbrevi

546 3545 770 3625 postea
816 3546 913 3607 est
959 3545 1267 3607 mortuos.
1356 3542 1487 3608 Iste
1534 3547 1750 3608 autem
1795 3544 1992 3609 homo
2040 3543 2353 3609 Venerius
2400 3542 2687 3606 adfluens

547 3650 723 3714 omni
768 3652 985 3733 lepore
1033 3672 1105 3715 ac
1150 3654 1487 3715 venustate
1535 3651 1612 3715 de
1660 3651 1845 3716 bonis
1891 3651 2066 3715 illius
2112 3651 2183 3714 in
2228 3649 2380 3714 aede
2419 3648 2688 3714 Veneris
2719 3662 2771 3700 ³0

547 3760 920 3841 argenteum
943 3755 1322 3840 Cupidinem
1358 3747 1594 3840 posuit.
1661 3756 1766 3823 Sic
1805 3758 1999 3822 etiam
2035 3757 2314 3822 fortunis
2352 3757 2691 3822 hominum

548 3861 932 3926 abutebatur
977 3863 1056 3926 ad
1101 3867 1417 3928 nocturna
1462 3868 1615 3929 vota
1661 3865 2110 3949 cupiditatum·
2134 3886 2412 3930 suarum.

723 3967 892 4033 Nam
955 3970 1109 4052 quid
1170 3992 1289 4057 ego
1352 3971 1428 4035 de
1490 3972 1715 4036 ceteris
1773 3972 2008 4037 civium
2055 3971 2498 4037 Romanorum
2544 3991 2688 4053 sup-

546 4074 754 4159 pliciis
803 4075 1180 4162 singillatim
1226 4078 1443 4161 potius
1492 4100 1685 4162 quam
1732 4079 2085 4166 generatim
2142 4082 2336 4161 atque
2395 4078 2690 4143 universe

544 4181 814 4267 loquar?
906 4182 1176 4248 Carcer
1238 4184 1404 4269 ille,
1467 4186 1578 4270 qui
1644 4190 1742 4251 est
1805 4210 1843 4251 a
1906 4185 2346 4251 crudelissimo
2413 4188 2688 4269 tyranno
2719 4202 2770 4243 35
