3175 4800
980 425 1073 479 IV.
1111 425 1196 479 De
1235 425 1544 494 suppliciis.
1605 397 1931 494 (Animam.)
1992 409 2161 478 1-3(
2547 427 2626 491 71

1494 1088 1616 1161 IV.

1149 1278 1273 1361 De
1350 1278 1965 1382 suppliciis.

1357 1474 1743 1564 (Auswaffl.)

656 1657 921 1723 Nemini
957 1657 1144 1721 video
1193 1657 1461 1721 dubium
1510 1678 1646 1721 esse
1657 1707 1675 1740 ,
1719 1657 1989 1739 iudices,
2027 1658 2184 1740 quin
2231 1658 2630 1739 apertissime

427 1783 450 1822 5
483 1762 547 1827 G.
587 1763 822 1829 Verres
878 1765 949 1828 in
1005 1762 1224 1828 Sicilia
1283 1784 1461 1829 sacra
1505 1763 1905 1848 profanaque
1953 1764 2170 1828 omnia
2216 1768 2281 1829 et
2325 1765 2629 1848 privatim

479 1874 544 1936 et
595 1872 853 1956 publice
914 1871 1207 1955 spoliarit
1251 1874 1671 1955 versatusque
1727 1871 1812 1935 sit
1867 1871 2004 1935 sine
2059 1873 2194 1935 ulla
2246 1893 2380 1936 non
2434 1872 2628 1936 modo

475 1979 819 2065 religione,
882 2002 1104 2044 verum
1174 1980 1367 2044 etiam
1434 1978 1947 2043 dissimulatione
2012 1980 2082 2043 in
2147 1979 2323 2043 omni
2396 2000 2630 2064 genere

473 2086 732 2151 furandi
772 2090 965 2169 atque
1011 2086 1376 2170 praedandi.
1467 2083 1594 2150 Sed
1642 2086 1955 2168 quaedam
2002 2086 2163 2148 mihi
2210 2085 2632 2169 magnifica

477 2197 550 2257 et
612 2195 1013 2276 praeclara
1076 2194 1239 2256 eius
1307 2192 1655 2257 defensio
1724 2192 2184 2274 ostenditur3
2258 2190 2362 2254 cui
2437 2211 2629 2272 quem

397 2325 448 2363 ιο
476 2298 556 2362 ad
611 2299 875 2362 modum
929 2300 1253 2381 resistam,
1299 2299 1505 2362 multo
1566 2298 1729 2362 mihi
1776 2301 1923 2363 ante
1981 2302 2105 2381 est,
2159 2297 2432 2380 iudices,
2484 2317 2629 2379 pro·

473 2406 837 2471 videndum.
944 2406 1044 2471 Ita
1119 2408 1297 2471 enim
1368 2427 1560 2471 causa
1636 2408 2079 2491 constituitur,
2150 2405 2629 2490 provinciam

474 2511 817 2578 Siciliam
865 2513 1157 2578 virtute
1226 2514 1455 2579 istius
1526 2519 1592 2578 et
1655 2514 1993 2600 vigilantia
2048 2513 2360 2599 singulari
2416 2511 2628 2576 dubiis

471 2621 1035 2706 formidolosisque
1096 2622 1497 2706 temporibus
1564 2645 1602 2685 a
1665 2621 2028 2707 fugitivis
2104 2624 2296 2704 atque
2363 2643 2401 2683 a
2473 2618 2630 2682 belli

472 2728 772 2810 periculis
856 2733 1102 2793 tutam
1183 2749 1345 2793 esse
1425 2732 1823 2793 servatam,
1937 2727 2104 2804 Quid
2182 2750 2397 2813 agam,
2466 2727 2627 2790 iudi-

393 2862 444 2901 15
474 2835 622 2898 ces?
722 2834 863 2910 Quo
940 2836 1365 2899 accusationis
1440 2857 1621 2898 meae
1693 2836 2010 2898 rationem
2085 2834 2438 2915 conferam,
2500 2855 2627 2914 quo

474 2963 577 3004 me
623 2940 915 3003 vertam?
987 2938 1091 3003 Ad
1141 2941 1350 3004 omnis
1399 2940 1571 3004 enim
1619 2960 1797 3003 meos
1845 2941 2124 3021 impetus
2174 2940 2359 3023 quasi
2404 2959 2628 3002 murus

475 3046 737 3132 quidam
785 3046 940 3110 boni
986 3068 1226 3111 nomen
1270 3047 1677 3130 imperatoris
1727 3047 2089 3129 opponitur.
2162 3046 2339 3112 Novi
2382 3047 2627 3129 locum3

471 3155 688 3237 video,
752 3155 865 3219 ubi
931 3176 998 3219 se
1063 3155 1416 3218 iactaturus
1474 3154 1558 3218 sit
1614 3153 2018 3218 Hortensius.
2110 3153 2279 3218 Belli
2324 3153 2629 3237 pericula,

471 3266 765 3345 tempora
835 3262 929 3325 rei
1001 3259 1327 3345 publicae,
1397 3262 1861 3345 imperatorum
1933 3262 2268 3345 penuriam
2353 3282 2626 3324 comme-

390 3395 442 3435 20
470 3369 775 3451 morabit3
835 3373 976 3433 tum
1033 3369 1479 3452 deprecabitur
1533 3393 1571 3432 a
1625 3368 1841 3452 vobis,
1893 3372 2031 3432 tum
2089 3369 2284 3432 etiam
2340 3389 2458 3450 pro
2507 3388 2624 3432 suo

467 3477 604 3540 11113
663 3476 1035 3559 contendet,
1090 3498 1172 3540 ne
1223 3476 1561 3559 patiamini
1617 3477 1813 3540 talem
1870 3476 2324 3558 imperatorem
2379 3475 2623 3557 populo

469 3582 762 3648 Romano
822 3581 1189 3648 Siculorum
1247 3582 1635 3647 testimoniis
1701 3583 1889 3666 cripi,
1951 3605 2032 3647 ne
2099 3582 2307 3647 obteri
2365 3581 2623 3645 laudem

469 3690 946 3772 imperatoriam
1014 3691 1388 3755 criminibus
1451 3690 1757 3754 avaritiae
1811 3690 2042 3754 velitis.
2134 3689 2289 3754 Non
2355 3709 2623 3770 possum

468 3796 899 3880 dissimulare,
957 3796 1227 3881 iudices3
1287 3797 1515 3880 timec,
1573 3819 1654 3860 ne
1717 3795 1782 3860 Ο.
1813 3796 2045 3861 Verres
2121 3798 2385 3880 propter
2454 3794 2624 3859 hanc

389 3931 439 3971 25
470 3905 769 3969 eximiam
844 3905 1150 3968 virtutem
1234 3905 1302 3968 in
1382 3927 1450 3968 re
1533 3904 1799 3968 militari
1884 3905 2128 3988 omnia,
2211 3925 2373 3986 quae
2451 3901 2626 3983 fecit,

468 4012 730 4095 impune
776 4011 1018 4076 fecerit.
1093 4010 1291 4076 Venit
1337 4011 1508 4075 enim
1557 4012 1718 4075 mihi
1756 4012 1825 4075 in
1861 4015 2173 4093 mentem,
2209 4011 2287 4074 in
2332 4007 2623 4071 iudicio

467 4117 576 4182 Μ’.
614 4117 883 4203 Aquili
943 4122 1257 4202 quantum
1320 4119 1754 4202 auctoritatis,
1822 4122 2190 4201 quantum
2255 4112 2625 4179 momenti

470 4226 717 4290 oratio
764 4225 848 4289 M.
877 4225 1167 4292 Antoni
1229 4226 1594 4291 habuisse
1658 4226 2101 4290 existimata
2162 4224 2294 4304 sit3
2356 4218 2494 4300 qui,
2550 4221 2624 4280 ut
