3175 4800
1474 391 1650 438 3—7.
1876 353 1903 373 ⁸
2554 390 2637 454 73

487 549 626 615 Nos
689 550 859 613 enim
918 549 1085 613 nihil
1145 570 1451 632 umquam
1513 570 1775 632 prorsus
1843 549 2204 612 audivimus
2215 598 2235 631 ,
2299 549 2411 612 sed
2475 550 2637 613 illud

490 656 878 740 audivimus,
933 655 1016 720 M.
1049 654 1286 739 Crassi,
1339 655 1678 719 fortissimi
1734 656 1883 739 viri,
1938 656 2176 721 virtute
2238 656 2636 740 consilioque

485 764 757 847 factum,
800 787 883 828 ne
927 763 1174 827 ratibus
1224 762 1581 828 coniunctis
1629 763 1795 827 freto
1842 762 2104 848 fugitivi
2150 763 2228 826 ad
2276 762 2635 827 Messanam

485 870 755 934 transire
811 874 1104 953 possent,
1161 894 1197 934 a
1245 892 1370 953 quo
1419 870 1516 934 illi
1565 874 1800 934 conatu
1845 891 1980 934 non
2024 874 2206 934 tanto
2256 892 2446 953 opere
2493 892 2636 953 pro·

434 997 458 1036 5
484 977 750 1041 hibendi
804 977 1106 1060 fuissent,
1162 977 1216 1040 si
1271 979 1406 1041 ulla
1461 977 1530 1040 in
1587 975 1807 1042 Sicilia
1861 977 2180 1061 praesidia
2236 978 2315 1040 ad
2374 978 2635 1042 illorum

486 1084 832 1147 adventum
895 1084 1194 1167 opposita
1253 1088 1649 1166 putarentur.
1741 1083 1833 1148 At
1892 1107 2039 1149 cum
2102 1089 2268 1148 esset
2322 1084 2393 1147 in
2448 1083 2637 1148 Italia
2674 1102 2704 1149 6

485 1190 773 1254 bellum
840 1194 973 1255 tam
1039 1213 1241 1273 prope
1308 1214 1346 1254 a
1411 1189 1658 1274 Sicilia,
1717 1196 1936 1256 tamen
1999 1192 2078 1255 in
2142 1190 2420 1256 Sicilia
2484 1213 2636 1254 non

483 1298 650 1362 fuit.
708 1296 876 1374 Quid
918 1298 1198 1361 mirum?
1258 1297 1361 1363 Ne
1402 1320 1547 1362 cum
1583 1299 1655 1362 in
1693 1297 1913 1363 Sicilia
1951 1298 2210 1383 quidem
2247 1299 2373 1362 fuit
2410 1298 2632 1362 eodem

482 1405 821 1469 intervallo
832 1455 850 1489 ,
887 1427 1034 1489 pars
1074 1406 1209 1470 eius
1248 1405 1404 1470 belli
1440 1405 1510 1468 in
1544 1403 1798 1469 Italiam
1837 1408 1972 1470 ulla
2008 1406 2306 1489 pervasit.
2371 1405 2631 1470 Etenim

407 1531 456 1570 10
483 1512 931 1594 propinquitas
969 1516 1263 1577 locorum
1304 1513 1383 1576 ad
1419 1515 1633 1576 utram
1661 1517 1910 1596 partem
1939 1513 2064 1577 hoc
2092 1516 2236 1577 loco
2266 1512 2634 1596 profertur?

483 1618 719 1683 Utrum
768 1619 1015 1683 aditum
1061 1619 1318 1683 facilem
1364 1619 1662 1684 hostibus
1712 1642 1796 1683 an
1842 1621 2293 1705 contagionem
2338 1620 2634 1683 imitandi

485 1726 640 1790 belli
686 1726 1113 1809 periculosam
1160 1726 1402 1790 fuisse?
1492 1724 1772 1790 Aditus
1822 1728 2030 1791 omnis
2076 1727 2448 1791 hominibus
2496 1727 2633 1790 sine

485 1835 619 1896 ulla
644 1834 952 1898 facultate
982 1834 1244 1897 navium
1281 1856 1432 1897 non
1467 1834 1688 1898 modo
1729 1835 2196 1916 disiunctuS,
2233 1834 2361 1898 sed
2401 1834 2629 1898 etiam

486 1942 795 2004 clausus
845 1945 986 2024 est,
1032 1944 1106 2005 ut
1151 1941 1308 2024 illis,
1357 1941 1591 2024 quibus
1632 1941 1917 2006 Siciliam
1955 1942 2386 2025 propinquam
2432 1940 2631 2006 fuisse

404 2066 455 2105 15
484 2046 670 2129 dicis,
713 2047 966 2112 facilius
1013 2049 1208 2113 fuerit
1246 2050 1326 2113 ad
1365 2047 1693 2113 Oceanum
1730 2050 2061 2132 pervenire
2101 2071 2294 2132 quam
2333 2048 2412 2111 ad
2449 2047 2632 2112 Pelo-

484 2154 686 2217 ridem
735 2155 1049 2220 accedere.
1136 2153 1513 2240 Contagio
1563 2158 1780 2219 autem
1825 2156 1951 2219 ista
1999 2155 2247 2218 servilis
2295 2155 2451 2217 belli
2500 2176 2631 2219 cur
2671 2170 2699 2215 ’τ

483 2261 612 2324 abs
661 2265 739 2324 te
799 2262 1015 2344 potius
1078 2284 1271 2344 quam
1333 2262 1413 2325 ab
1478 2262 1557 2325 iis
1621 2262 1948 2345 omnibus,
2014 2262 2125 2345 qui
2186 2266 2426 2326 ceteras
2487 2283 2632 2344 pro-

482 2369 724 2433 vincias
782 2369 1232 2452 obtinuerunt,
1290 2368 1833 2452 praedicatur?
1923 2367 2031 2433 An
2077 2369 2249 2451 quod
2296 2369 2366 2434 in
2412 2367 2631 2434 Sicilia

481 2477 609 2540 iam
666 2480 854 2541 antea
910 2477 1081 2540 bella
1126 2476 1552 2562 fugitivorum
1598 2477 1904 2542 fuerunt?
1993 2475 2085 2540 At
2131 2498 2206 2540 ea
2251 2477 2392 2560 ipsa
2439 2498 2629 2541 causa

401 2600 453 2640 20
483 2587 606 2667 est,
661 2605 775 2649 cur
827 2585 952 2649 ista
996 2584 1330 2667 provincia
1385 2584 1653 2648 minimo
1711 2585 1780 2648 in
1833 2584 2118 2666 periculo
2178 2584 2261 2648 sit
2308 2588 2374 2649 et
2417 2584 2629 2648 fuerit.

479 2690 649 2756 Nam
706 2695 1125 2775 posteaquam
1184 2692 1363 2756 illinc
1416 2692 1520 2755 M'.
1567 2690 1869 2774 Aquilius
1932 2691 2230 2774 decessit,
2296 2692 2628 2755 omnium

481 2798 850 2862 instituta
909 2803 1101 2880 atque
1163 2799 1371 2862 edicta
1430 2802 1799 2880 praetorum
1860 2798 2179 2862 fuerunt
2238 2799 2373 2862 eius
2436 2797 2630 2880 modi,

482 2908 564 2967 ut
616 2925 705 2966 ne
755 2904 923 2986 quis
982 2925 1146 2967 cum
1203 2905 1359 2968 telo
1410 2925 1673 2968 servus
1722 2908 1939 2968 esset.
2032 2903 2237 2968 Vetus
2286 2909 2409 2986 est,
2456 2905 2628 2986 quod

482 3010 717 3093 dicam,
782 3014 847 3075 et
908 3015 1175 3094 propter
1238 3009 1644 3074 severitatem
1710 3011 1988 3093 exempli
2051 3011 2293 3074 nemini
2356 3011 2627 3075 fortasse

402 3132 453 3172 25
481 3120 765 3181 vestrum
821 3117 1212 3200 inauditum,
1265 3117 1335 3181 L.
1375 3115 1798 3180 Domitium
1854 3124 2213 3199 praetorem
2268 3118 2337 3180 in
2393 3115 2629 3201 Sicilia,

482 3244 625 3287 cum
675 3247 828 3307 aper
871 3225 1098 3309 ingens
1147 3225 1226 3288 ad
1274 3246 1420 3289 eum
1468 3224 1699 3287 allatus
1748 3227 1942 3306 esset,
1988 3224 2372 3288 admiratum
2418 3226 2627 3308 requi-

481 3332 664 3415 sisse,
739 3333 880 3415 quis
957 3354 1103 3395 eum
1169 3331 1614 3414 percussisset3
1688 3352 1836 3395 cum
1902 3331 2184 3396 audisset
2248 3335 2624 3415 pastorem

480 3439 810 3503 cuiusdam
857 3438 1084 3522 fuisse,
1131 3461 1278 3503 eum
1323 3438 1539 3502 vocari
1587 3438 1668 3501 ad
1715 3460 1781 3502 se
1828 3438 2116 3521 iussisse3
2162 3439 2347 3502 illum
2396 3440 2625 3522 cupide

480 3547 558 3609 ad
603 3550 965 3629 praetorem
1015 3546 1197 3628 quasi
1245 3546 1324 3609 ad
1368 3544 1627 3609 laudem
1675 3550 1867 3628 atque
1915 3545 1995 3608 ad
2040 3546 2398 3628 praemium
2447 3567 2626 3610 accu-

401 3675 453 3714 so
482 3655 779 3738 currisse3
841 3654 1161 3736 quaesisse
1223 3652 1616 3735 Domitium,
1680 3653 1791 3735 qui
1850 3655 2097 3716 tantam
2154 3652 2426 3716 bestiam
2487 3675 2627 3736 per-

481 3760 808 3843 cussisset3
880 3761 1066 3825 illum
1130 3760 1569 3843 respondisse,
1648 3759 1994 3842 venabu103
2067 3760 2331 3824 statim
2397 3761 2625 3826 deinde

477 3868 693 3932 iussu
749 3867 1134 3950 praetoris
1190 3866 1268 3929 in
1314 3888 1615 3931 crucem
1664 3888 1827 3931 esse
1876 3866 2280 3931 sublatum.
2373 3867 2624 3931 Durum

478 3974 600 4038 hoc
637 3974 909 4039 fortasse
947 3974 1266 4056 videatur3
1311 3996 1519 4058 neque
1557 3995 1677 4059 ego
1716 3975 1916 4037 ullam
1954 3974 2024 4036 in
2060 3978 2308 4056 partem
2348 3975 2627 4056 disputO,

481 4084 733 4144 tantum
801 4082 1109 4166 intellego
1122 4131 1140 4163 ,
1212 4082 1512 4146 maluisse
1572 4080 1935 4145 Domitium
1998 4081 2320 4145 crudelem
2381 4081 2449 4142 in
2495 4078 2625 4141 ani-

404 4207 455 4247 35
483 4188 934 4253 madvertendo
994 4210 1185 4272 quam
1241 4190 1311 4252 in
1356 4188 1925 4273 praetermittendo
1975 4188 2358 4251 dissolutum
2404 4184 2623 4247 videri.
