3175 4800
1451 399 1597 447 76-
1612 399 1697 447 85.
2555 397 2639 463 47

500 560 828 642 gestarum
887 577 1035 621 cum
1094 555 1371 620 maxime
1431 557 1783 621 constituat
1841 560 2034 639 atque
2090 557 2161 621 in
2213 556 2292 621 iis
2340 558 2643 641 elaboret,

501 663 789 747 profecto
835 665 1008 727 volet
1050 663 1210 728 haec
1253 685 1389 727 non
1432 665 1642 727 solum
1681 662 1814 727 suis
1851 662 2151 747 posteris,
2185 685 2409 728 verum
2447 666 2641 729 etiam

502 770 799 835 omnibus
845 769 999 833 viris
1058 770 1335 834 fortibus
1391 774 1457 834 et
1510 769 1694 834 bonis
1750 769 1996 834 civibus
2044 770 2467 854 defendenda,
2509 792 2643 836 non

500 876 835 960 spolianda
912 875 1225 959 improbis
1307 876 1574 941 tradere.
1678 876 1852 941 Non
1920 899 2211 960 vereor,
2290 900 2382 941 ne
2463 877 2643 961 tibi,

444 1002 473 1042 ε
501 984 573 1061 Q.
604 983 905 1068 Catule,
941 982 1385 1067 displiceat,
1421 983 1604 1048 cuius
1642 983 2111 1067 amplissimum
2150 984 2292 1048 orbi
2327 988 2641 1049 terrarum

500 1090 1051 1174 clarissimumque
1114 1093 1606 1154 monumentum
1672 1095 1797 1173 est,
1861 1112 2055 1174 quam
2126 1092 2435 1175 plurimos
2504 1113 2642 1157 esse

498 1198 791 1262 custodes
853 1200 1411 1261 monumentorum
1475 1202 1540 1262 et
1600 1201 1828 1281 putare
1875 1219 2096 1262 omnes
2143 1198 2349 1263 bonos
2376 1197 2641 1274 ,alienae

497 1304 741 1390 gloriae
777 1303 1213 1369 defensionem
1251 1304 1331 1368 ad
1370 1304 1659 1369 officium
1697 1326 1886 1368 suum
1924 1302 2256 1387 pertinere,
2321 1305 2638 1390 Equidem

498 1411 725 1491 ceteris
779 1412 966 1476 istius
1021 1411 1212 1476 furtis
1269 1415 1462 1495 atque
1518 1411 1783 1497 flagitiis
1838 1412 1931 1475 ita
1983 1433 2263 1491 moveor,
2310 1417 2385 1477 ut
2430 1436 2505 1477 ea
2547 1435 2642 1477 re-

421 1535 472 1575 10
498 1518 949 1602 prehendenda
1005 1522 1260 1582 tantum
1320 1521 1570 1601 putem3
1629 1518 1737 1582 hic
1795 1540 1947 1582 vero
2011 1522 2190 1582 tanto
2256 1520 2471 1584 dolore
2536 1520 2642 1584 ad-

498 1624 705 1703 ficior,
751 1629 826 1689 ut
869 1625 1035 1688 nihil
1079 1624 1242 1688 mihi
1285 1624 1642 1709 indignius,
1685 1625 1851 1688 nihil
1885 1624 2097 1688 minus
2133 1625 2467 1690 ferendum
2505 1648 2642 1691 esse

498 1731 806 1795 videatur.
870 1729 1103 1795 Verres
1150 1729 1443 1796 Africani
1487 1732 1925 1796 monumentis
1972 1732 2236 1795 domum
2283 1753 2464 1796 suam
2510 1734 2642 1816 ple-

499 1860 648 1902 nam
709 1838 945 1922 stupri,
999 1839 1258 1921 plenam
1318 1838 1579 1925 flagitii,
1636 1841 1896 1922 plenam
1955 1838 2280 1915 dedecoris
2346 1839 2644 1904 ornabit?

498 1943 732 2009 Verres
777 1944 1346 2028 temperantissimi
1392 1945 1911 2030 sanctissimique
1954 1944 2079 2009 viri
2132 1950 2643 2030 monumentum,

422 2068 472 2108 1⁶
498 2050 742 2116 Dianae
800 2051 1216 2117 simulacrum
1270 2051 1567 2138 virginis,
1625 2053 1695 2115 in
1754 2075 1829 2116 ea
1886 2052 2074 2116 domo
2130 2054 2521 2136 conlocabit,
2572 2054 2644 2118 in

500 2180 628 2242 qua
672 2179 924 2242 semper
967 2159 1377 2223 meretricum
1421 2160 1858 2242 lenonumque
1903 2158 2151 2243 flagitia
2194 2158 2573 2222 versantur?

677 2263 768 2328 At
791 2264 918 2329 hoc
954 2266 1165 2329 solum
1193 2263 1485 2330 Africani
1520 2268 2013 2329 monumentum
2050 2264 2353 2329 violasti?
2425 2264 2642 2341 Quid?

498 2370 560 2436 A
587 2370 1132 2457 Tyndaritanis
1169 2394 1304 2437 non
1338 2372 1624 2438 eiusdem
1654 2370 1973 2457 Scipionis
2011 2371 2323 2438 beneficio
2356 2372 2641 2457 positum

463 2481 992 2545 'simulacrum
1073 2479 1404 2545 Mercuri
1492 2479 2008 2564 pulcherrime
2098 2480 2386 2544 factum
2479 2501 2641 2545 sus-

417 2587 802 2652 mtulisti?
889 2586 980 2651 At
1044 2610 1235 2672 quem
1300 2589 1382 2652 ad
1445 2588 1737 2671 modum,
1802 2587 1870 2651 di
1931 2587 2355 2651 immortales!
2433 2586 2642 2663 Quam

498 2695 823 2777 audacter,
869 2716 1062 2778 quam
1106 2694 1479 2779 libidinose,
1534 2717 1728 2779 quam
1773 2694 2207 2778 impudenter!
2279 2691 2641 2757 ‚Audistis

495 2823 704 2884 nuper
775 2801 982 2864 dicere
1054 2802 1354 2884 legatos
1411 2800 2012 2884 Tyndaritanos,
2080 2800 2375 2864 homines
2447 2800 2644 2864 hone-

498 2906 816 2969 stissimos
876 2926 950 2968 ac
1007 2906 1329 2988 principes
1392 2907 1700 2989 civitatis,
1744 2906 2232 2988 Mercurium,
2290 2905 2402 2988 qui
2447 2906 2642 2970 sacris

499 3009 946 3075 anniversariis
986 3010 1157 3093 apud
1194 3032 1304 3075 003
1342 3027 1418 3075 00
1454 3032 1708 3075 3111111110
1741 3011 2053 3096 religione
2090 3012 2425 3094 coleretur,
2452 3032 2643 3094 quem

419 3136 472 3176 25
500 3117 569 3182 P.
607 3116 949 3182 Africanus
1025 3115 1412 3202 Carthagine
1477 3121 1667 3201 capta
1723 3116 2175 3203 Tyndaritanis
2237 3139 2372 3181 non
2432 3117 2643 3181 solum

500 3244 652 3288 suae
697 3224 1030 3307 victoriae,
1085 3224 1197 3288 sed
1250 3223 1445 3288 etiam
1499 3224 1762 3289 illorum
1816 3224 1969 3289 fidei
2013 3223 2465 3308 societatisque
2509 3245 2644 3288 mo-

498 3332 880 3394 numentum
927 3335 1120 3415 atque
1172 3330 1485 3396 indicium·
1542 3330 1849 3415 dedisset,
1905 3331 2133 3396 huius
2193 3331 2295 3415 vi,
2352 3332 2642 3396 scelere

498 3436 975 3521 imperioque
1030 3458 1193 3502 esse
1249 3438 1655 3502 sublatum.
1749 3438 1876 3515 Qui
1919 3442 1995 3502 ut
2040 3438 2321 3522 primum
2365 3438 2436 3503 in
2479 3438 2643 3503 illud

499 3541 808 3625 oppidum
873 3542 1081 3626 venit,
1143 3543 1394 3628 statim,
1463 3550 1795 3629 tamquam
1859 3546 1953 3609 ita
2014 3545 2154 3609 fieri
2225 3567 2360 3609 non
2430 3546 2641 3610 solum

417 3667 473 3707 ⁸0
501 3652 853 3732 oporteret,
897 3651 1009 3715 sed
1057 3651 1250 3715 etiam
1297 3673 1556 3722 necesse
1604 3657 1799 3735 esset,
1843 3657 2176 3736 tamquam
2220 3651 2346 3717 1100
2382 3657 2640 3717 senatus

497 3754 862 3819 mandasset
907 3758 1315 3842 populusque
1361 3758 1692 3824 Romanus
1738 3759 2056 3842 iussisset,
2100 3760 2193 3823 ita
2246 3759 2612 3824 continuo
2622 3809 2642 3843 ,

497 3860 798 3946 signum
870 3867 955 3927 ut
1027 3864 1583 3930 demolirentur
1654 3871 1719 3931 et
1780 3865 2141 3931 Messanam
2215 3867 2643 3951 deportarent,

2680 1320 2748 1369 83

2679 2281 2748 2331 84

496 3967 923 4051 imperavit.
999 3969 1186 4047 Quod
1234 3992 1382 4036 cum
1426 3972 1584 4056 illis,
1632 3973 1744 4057 qui
1790 3973 2081 4057 aderant,
2116 3973 2483 4059 indignum,
2530 3973 2642 4057 qui
2679 3988 2747 4034 85

498 4074 869 4160 audiebant,
927 4077 1300 4143 incredibile
1358 4078 1710 4163 videretur,
1766 4102 1900 4144 non
1959 4084 2057 4144 est
2115 4080 2195 4144 ab
2255 4080 2382 4144 isto
2429 4078 2638 4161 primo

416 4198 472 4240 26
498 4180 610 4245 1110
670 4182 951 4248 adventu
1009 4189 1503 4268 perseveratum.
1595 4185 1945 4252 Discedens
2005 4186 2268 4250 mandat
2319 4204 2637 4267 proagoro
