3175 4800
391 1326 492 1375 122

393 1415 494 1463 123

394 1646 497 1695 124

398 4211 499 4258 125

528 402 615 465 62
1180 396 1273 451 ΙΠ.
1313 397 1397 451 De
1436 397 1631 466 signis.
1689 396 2016 467 (Auswahl.)

531 564 906 626 ornamento
964 561 1110 625 urbi
1164 560 1467 625 futuram.
1561 558 1893 645 Syracusis
1952 562 2165 624 autem
2222 560 2542 643 permulta
2588 564 2681 624 at·

531 691 655 751 que
705 668 962 754 egregia
1005 668 1294 752 reliquit3
1343 667 1532 732 deum
1581 689 1733 732 vero
1780 668 2033 731 nullum
2083 666 2377 750 violavit,
2423 667 2680 730 nullum

531 775 765 862 attigit.
859 773 1157 839 Conferte
1205 773 1504 858 Verrem,
1546 796 1681 839 non
1726 776 1801 838 ut
1844 772 2174 838 hominem
2224 794 2370 837 cum
2416 771 2680 838 homine

532 882 946 965 comparetis,
999 904 1082 946 ne
1140 904 1268 965 qua
1320 882 1438 946 tali
1483 883 1624 946 viro
1672 885 1929 946 mortuo
1976 880 2093 944 fiat
2138 879 2402 963 iniuria,
2448 879 2559 944 sed
2604 883 2680 944 ut

532 1010 755 1073 pacem
803 1011 949 1053 cum
998 989 1201 1071 bello,
1243 989 1418 1074 leges
1459 1010 1606 1053 cum
1644 988 1739 1072 vi,
1782 988 1995 1052 forum
2034 991 2101 1052 et
2135 987 2292 1051 iuris
2332 986 2680 1051 dictionem
2710 1008 2736 1049 ⁶

533 1118 680 1160 cum
724 1096 893 1160 ferro
943 1098 1009 1160 et
1044 1095 1237 1160 armis
1249 1120 1273 1179 ,‘
1304 1094 1651 1159 adventum
1691 1098 1756 1159 et
1792 1094 2169 1159 comitatum
2210 1115 2355 1158 cum
2396 1094 2679 1158 exercitu

532 1205 597 1267 et
640 1202 911 1267 victoria
957 1203 1318 1267 conferatis.

710 1309 852 1374 Aus
911 1312 1049 1375 dem
1102 1310 1347 1392 Tempel
1402 1312 1509 1374 der
1553 1309 1855 1373 Minerva
1909 1311 1981 1372 in
2038 1306 2313 1392 Syracus
2356 1308 2570 1372 raubte
2613 1329 2680 1371 er

534 1418 649 1480 das
713 1416 1019 1481 beriihmte
1089 1414 1385 1481 Gemc'ilde
1447 1417 1556 1481 der
1612 1415 2088 1481 Reiterschlacht
2151 1417 2254 1480 des
2307 1414 2677 1497 Agathokles

530 1525 665 1588 und
711 1524 810 1588 die
857 1522 1147 1589 Portrc'its
1191 1523 1531 1588 sicilischer
1579 1523 1941 1605 Tyr-annm.
2704 1544 2758 1584 10

712 1627 848 1693 Iam
895 1652 1046 1694 vero
1096 1629 1250 1715 quid
1298 1652 1418 1716 ego
1466 1629 1558 1693 de
1604 1628 1852 1693 valvis
1899 1628 2118 1693 illius
2166 1628 2466 1712 templi,
2512 1649 2681 1692 com-

535 1737 927 1801 memorem?
1018 1737 1290 1821 Vereor,
1346 1760 1427 1801 ne
1436 1787 1455 1820 ,
1512 1735 1673 1801 haec
1733 1736 1846 1818 qui
1900 1757 2033 1799 non
2086 1734 2413 1818 viderunt,
2466 1735 2683 1799 omnia

535 1865 637 1907 me
695 1844 887 1907 nimis
948 1865 1181 1929 augere
1242 1848 1434 1928 atque
1491 1865 1718 1908 ornare
1775 1842 2191 1925 arbitrentur3
2247 1841 2420 1925 quod
2465 1845 2684 1905 tamen

534 1970 723 2013 nemo
752 1951 1082 2033 'suspicari
1127 1950 1349 2034 debet,
1392 1954 1526 2013 tam
1574 1970 1713 2014 esse
1759 1971 1862 2013 me
1909 1948 2234 2032 cupidum,
2267 1952 2343 2013 ut
2376 1951 2478 2013 tot
2510 1947 2681 2012 viros

536 2055 872 2138 primarios
910 2057 1132 2141 velim,
1168 2057 1544 2142 praesertim
1582 2079 1664 2121 ex
1698 2056 1983 2120 iudicum
2019 2077 2318 2139 numero,
2355 2056 2466 2138 qui
2496 2053 2681 2140 Syra-
2711 2076 2762 2117 15

537 2163 704 2227 cusis
750 2164 1018 2248 fuerint,
1078 2166 1191 2248 qui
1233 2164 1393 2229 haec
1437 2164 1745 2248 viderint,
1804 2184 1941 2228 esse
1987 2162 2335 2227 temeritati
2391 2167 2456 2226 et
2509 2184 2683 2226 men·

537 2270 718 2333 dacio
792 2292 935 2335 meo
1013 2272 1320 2337 conscios.
1415 2270 1808 2336 Confirmare
1879 2268 2004 2334 hoc
2075 2269 2352 2353 liquido,
2423 2268 2684 2352 iudices,

536 2397 829 2461 possum,
883 2380 1100 2443 valvas
1166 2379 1779 2466 magnificentiores,
1854 2399 1933 2442 ex
2006 2398 2159 2442 auro
2226 2379 2418 2462 atque
2492 2376 2683 2441 ebore

536 2485 976 2569 perfectioreS‚
1019 2487 1230 2550 nullas
1276 2509 1586 2569 umquam
1634 2487 1768 2549 ullo
1807 2486 1877 2549 in
1913 2485 2157 2568 templo
2195 2485 2409 2549 fuisse.
2475 2482 2683 2548 Incre-

537 2591 733 2655 dibile
795 2591 973 2656 dictu
1033 2596 1157 2676 est,
1204 2615 1397 2676 quam
1443 2593 1635 2656 multi
1683 2591 1908 2657 Graeci
1952 2590 2030 2655 de
2075 2590 2304 2656 harum
2351 2592 2683 2655 valvarum
2710 2611 2763 2652 80

538 2697 1016 2781 pulchritudine
1063 2698 1374 2782 scriptum
1418 2700 1813 2783 reliquerint.
1887 2698 2182 2764 Nimium
2218 2697 2491 2762 forsitan
2523 2696 2684 2762 haec

537 2804 636 2867 illi
680 2803 996 2868 mirentur
1041 2808 1233 2889 atque
1281 2807 1548 2871 efferant
1555 2857 1574 2890 ,
1622 2811 1788 2890 esto;
1834 2828 2057 2871 verum
2094 2808 2314 2869 tamen
2347 2804 2681 2869 honestius

539 2915 637 2975 est
696 2911 789 2974 rei
849 2911 1145 2995 publicae
1203 2918 1490 2997 nostrae,
1547 2914 1818 2997 iudices,
1874 2936 1974 2996 ea,
2031 2934 2192 2996 quae
2239 2912 2367 2975 illis
2414 2912 2684 2994 pulchra

539 3040 676 3083 esse
721 3018 1086 3104 videantur,
1140 3020 1622 3104 imperatorem,
1675 3023 1969 3085 nostrum
2017 3020 2085 3083 in
2132 3019 2302 3083 bello
2347 3018 2682 3102 reliquisse

540 3148 732 3210 quam
788 3130 1148 3210 praetorem
1205 3128 1275 3191 111
1328 3149 1485 3210 pace
1532 3127 1892 3191 abstulisse.
1983 3126 2096 3190 Ex
2142 3126 2369 3189 ebore
2416 3125 2679 3209 diligen·
2707 3144 2761 3185 25

538 3233 785 3296 tissime
830 3234 1114 3315 perfecta
1175 3236 1630 3318 argumenta
1690 3236 1914 3296 erant
1973 3233 2051 3297 in
2095 3232 2371 3316 valvis3
2434 3255 2518 3296 ea
2563 3232 2681 3295 de-

539 3338 912 3402 trahenda
968 3339 1266 3403 curavit
1331 3339 1599 3403 omnia.
1693 3337 2010 3426 Gorgonis
2059 3361 2130 3404 os
2177 3338 2681 3423 pulcherrimum

541 3445 822 3509 cinctum
883 3446 1199 3531 anguibus
1254 3446 1508 3510 revellit
1563 3449 1756 3530 atque
1804 3447 2100 3530 abstulit,
2147 3451 2210 3511 et
2255 3449 2474 3509 tamen
2522 3444 2683 3509 indi-

540 3553 709 3617 cavit
756 3574 823 3617 se
867 3574 1002 3617 non
1047 3555 1257 3618 solum
1305 3553 1577 3618 artificio
1588 3603 1608 3636 ,
1658 3553 1769 3618 sed
1807 3553 2000 3618 etiam
2038 3553 2244 3635 pretio
2285 3554 2682 3637 quaestuque

538 3660 712 3743 duci3
770 3683 920 3724 nam
967 3661 1176 3725 bullas
1226 3681 1447 3725 aureas
1496 3649 1717 3725 omnes
1766 3683 1845 3724 ex
1889 3659 1967 3723 iis
2013 3660 2245 3743 valvis,
2292 3681 2455 3742 quae
2502 3661 2684 3723 erant
2710 3679 2763 3719 ³0

539 3769 780 3831 multae
827 3771 891 3831 et
937 3788 1191 3852 graves,
1234 3790 1369 3832 non
1405 3767 1726 3831 dubitavit
1764 3766 2037 3850 auferre3
2085 3788 2355 3849 quarum
2393 3765 2514 3830 iste
2551 3787 2685 3830 non

541 3895 731 3957 opere
779 3873 1243 3957 delectabatur,
1289 3875 1400 3938 sed
1446 3874 1743 3957 pondere.
1818 3872 2044 3957 Itaque
2083 3873 2217 3937 eius
2255 3872 2434 3937 modi
2463 3874 2682 3937 valvas

539 3981 827 4064 reliquit,
877 3984 952 4044 ut
968 4029 988 4063 ,
1035 4001 1196 4064 quae
1251 3981 1404 4045 olim
1450 3982 1529 4045 ad
1567 3981 1925 4045 ornandum
1963 3982 2278 4063 templum
2326 3983 2508 4044 erant
2553 4002 2683 4043 ma-

538 4110 731 4152 xume
746 4137 764 4170 ,
808 4108 980 4151 nunc
1025 4090 1279 4151 tantum
1319 4088 1397 4151 ad
1437 4088 1862 4152 claudendum
1900 4087 2106 4152 factae
2154 4109 2290 4152 esse
2327 4086 2690 4164 videantur..

539 4194 838 4259 Etiamne
885 4193 1244 4279 gramineas
1290 4194 1508 4259 hastas
1559 4194 1721 4280 (vidi
1768 4194 1938 4258 enim
1975 4215 2090 4258 vos
2138 4194 2208 4259 in
2241 4195 2367 4259 hoc
2401 4194 2683 4276 nomine,
2711 4212 2763 4254 ³⁶
