3175 4800
1431 398 1503 486 ’69
1518 425 1582 433 —
1601 398 1684 448 74.
1883 459 1888 464 ⁴
2560 396 2646 461 93

501 556 907 640 Romanos,
967 577 1127 639 quos
1182 557 1252 620 in
1312 577 1629 621 carcerem
1685 560 1873 620 antea
1927 557 2311 640 coniecerat3
2372 552 2647 641 quorum

502 664 661 728 alios
700 661 1101 728 Sertorianos
1138 663 1376 728 milites
1418 663 1617 727 fuisse
1662 663 2080 728 insimulabat
2116 667 2181 728 et
2218 686 2299 728 ex
2332 663 2649 748 Hispania
2704 683 2708 688 ·

500 770 808 856 fugientis
865 771 946 835 ad
994 768 1279 835 Siciliam
1336 770 1640 854 adpulsos
1688 792 1826 835 esse
1873 770 2152 855 dicebat,
2181 771 2397 854 alios,
2453 771 2566 854 qui
2611 795 2650 836 a

499 878 930 962 praedonibus
994 882 1178 942 erant
1241 878 1440 961 capti,
1503 899 1651 941 cum
1725 880 2114 943 mercaturas
2179 878 2464 943 facerent
2538 882 2651 943 aut

449 1008 473 1048 5
502 986 784 1068 aliquam
832 985 915 1049 ob
964 1006 1220 1076 causam
1265 985 1673 1069 navigarent,
1718 1006 1833 1048 sua
1869 985 2202 1050 voluntate
2239 1007 2386 1050 cum
2424 965 2648 1069 piratis

500 1092 702 1156 fuisse
755 1092 1083 1177 arguebat.
1172 1090 1400 1175 Itaque
1447 1091 1584 1156 alii
1632 1092 1836 1156 cives
1883 1091 2232 1176 Romani,
2286 1114 2369 1156 ne
2415 1075 2650 1177 coguo-

504 1202 859 1282 scerentur,
932 1198 1319 1282 capitibus
1386 1193 1780 1264 ob'volutis
1846 1221 1881 1263 e
1955 1220 2205 1264 carcere
2278 1199 2358 1263 ad
2429 1200 2651 1283 palum

503 1310 698 1390 atque
756 1305 837 1371 ad
891 1327 1115 1370 necem
1172 1305 1616 1390 rapiebantur3
1682 1305 1844 1388 alii,
1910 1323 2056 1370 cum
2122 1328 2160 1369 a
2221 1305 2444 1369 multis
2501 1304 2653 1369 civi·

502 1413 623 1477 bus
679 1412 988 1501 Romanis
1045 1417 1611 1498 cognoscerentur,
1667 1413 1747 1477 ab
1795 1412 2094 1477 omnibus
2143 1412 2653 1504 defenderentur,

427 1545 478 1584 10
506 1520 757 1585 securi
801 1519 1300 1584 feriebantur.
1367 1518 1658 1595 Quorum
1696 1542 1816 1605 ego
1865 1520 1946 1583 de
1988 1508 2398 1584 acerbissima
2442 1523 2651 1583 morte

505 1627 1073 1710 crudelissimoque
1122 1626 1408 1690 cruciatu
1455 1626 1692 1708 dicam,
1737 1647 1884 1690 cum
1932 1649 2079 1690 eum
2124 1626 2340 1690 locum
2377 1629 2652 1689 tractare

507 1753 804 1816 coepero,
850 1735 915 1796 et
959 1733 1052 1796 ita
1098 1731 1334 1816 dicam,
1378 1735 1480 1816 ut,
1526 1733 1581 1797 si
1621 1755 1724 1796 me
1759 1733 1829 1796 in
1864 1755 1940 1797 ea
1987 1732 2413 1816 querimonia,
2460 1754 2654 1815 quam

507 1858 649 1903 sum
702 1839 1040 1904 habiturus
1097 1839 1174 1903 de
1229 1839 1414 1904 istius
1471 1839 1848 1905 crudelitate
1902 1825 1969 1904 et
2014 1839 2091 1904 de
2139 1839 2374 1904 civium
2421 1838 2655 1903 Roma-

504 1967 735 2009 norum
772 1945 1240 2032 indignissuma
1277 1949 1512 2031 morte,
1556 1969 1692 2011 non
1727 1947 1918 2012 modo
1957 1947 2152 2031 vires,
2197 1970 2419 2012 verum
2459 1948 2653 2012 etiam

424 2077 476 2116 ιε
504 2053 639 2117 vita
701 2053 983 2136 deficiat,
1046 2053 1113 2117 id
1166 2053 1334 2117 'mihi
1397 2049 1799 2137 praeclarum
1868 2058 1934 2119 et
1995 2037 2348 2119 iucundum
2412 2040 2652 2139 putem.

504 2158 682 2224 Haec
736 2160 938 2245 igitur
991 2165 1090 2225 est
1134 2164 1317 2245 gesta
1362 2182 1493 2243 res,
1545 2160 1706 2224 haec
1751 2161 2021 2225 victoria
2067 2161 2419 2245 praeclara3
2476 2181 2653 2243 myo-

505 2286 745 2349 parone
790 2266 1061 2350 piratico
1110 2269 1297 2349 capto
1347 2265 1478 2338 dux
1512 2266 1850 2349 liberatus,
1896 2266 2340 2350 symphoniaci
2379 2265 2653 2330 Romam

508 2372 714 2458 missi,
758 2372 1028 2439 formosi
1062 2372 1356 2439 homines
1394 2375 1460 2438 et
1497 2373 1935 2439 adulescentes
1974 2377 2038 2438 et
2076 2372 2352 2438 artifices
2390 2374 2653 2439 domum

434 2549 443 2556 ,
507 2480 795 2564 abducti,
852 2480 922 2544 in
981 2503 1204 2546 eorum
1262 2482 1478 2546 locum
1538 2485 1607 2546 et
1664 2481 1745 2545 ad
1807 2503 2028 2546 eorum
2089 2502 2427 2545 numerum
2483 2482 2652 2545 cives

427 2613 481 2652 20
507 2572 803 2652 Romani*
820 2587 1125 2653 hostilem
1163 2588 1232 2652 in
1268 2588 1533 2653 modum
1573 2588 1843 2654 cruciati
1869 2592 1934 2654 et
1960 2588 2192 2672 necati,
2220 2588 2427 2652 omnis
2454 2587 2652 2652 vestis

507 2695 747 2778 ablata,
794 2716 985 2760 omne
1030 2717 1258 2759 aurum
1305 2699 1371 2760 et
1416 2699 1758 2782 argentum
1804 2695 2093 2779 ablatum
2140 2699 2206 2759 et
2251 2716 2563 2760 aversum.

677 2800 774 2873 At
830 2823 1022 2885 quem
1079 2803 1158 2869 ad
1215 2802 1479 2866 modum
1535 2803 1673 2886 ipse
1730 2824 1797 2867 se
1852 2802 2061 2866 induit
2117 2802 2329 2885 priore
2376 2802 2654 2866 actione!

509 2908 651 2986 Qui
698 2909 815 2971 tot
862 2907 1027 2971 dies
1065 2907 1468 2991 tacuisset,
1512 2912 1827 2990 repente
1873 2908 1951 2971 in
1985 2907 2073 2970 M.
2109 2906 2337 2989 Anni,
2371 2905 2654 2972 hominis

509 3013 1037 3099 splendidissimi,
1111 3013 1591 3096 testimoniO,
1665 3035 1810 3078 cum
1883 3014 1938 3076 is
2013 3014 2216 3077 civem
2289 3010 2655 3077 Romanum

426 3144 479 3184 25
509 3121 800 3204 dixisset,
880 3118 1333 3204 archipiratam
1405 3124 1705 3205 negasset
1775 3119 1983 3184 securi
2053 3139 2191 3183 esse
2264 3139 2657 3205 percussum,

451 3232 477 3309 ’ς
511 3229 832 3293 exsiluit
874 3210 1281 3291 'conscientia
1327 3227 1584 3291 sceleris
1632 3230 1697 3291 et
1740 3225 1957 3291 furore
2003 3248 2085 3290 ex
2128 3226 2460 3291 maleficiis
2509 3248 2657 3292 con·

510 3339 700 3425 cepto
747 3335 1089 3416 excitatus,
1143 3333 1306 3397 dixit
1353 3353 1448 3415 se,
1504 3331 1679 3416 quod
1726 3333 1916 3398 sciret
1963 3333 2087 3398 sibi
2133 3333 2386 3398 crimini
2433 3333 2670 3413 datum]

510 3443 588 3507 iri
642 3442 983 3527 pecuniam
1058 3440 1375 3524 accepisse
1428 3461 1639 3523 neque
1695 3440 1772 3504 de
1826 3462 1978 3506 vero
2043 3441 2431 3524 archipirata
2486 3463 2656 3506 sum-

510 3534 714 3634 psisse
760 3548 1181 3634 supplicium,
1239 3547 1383 3612 ideo
1432 3568 1499 3611 se
1545 3547 1754 3612 securi
1798 3569 1931 3612 non
1976 3547 2392 3631 percussisse3
2449 3546 2657 3612 domi

435 3678 486 3717 so
514 3677 676 3721 esse
723 3657 921 3741 apud
968 3676 1131 3720 sese
1179 3654 1695 3738 archipiratas
1745 3654 1942 3718 dixit
1987 3654 2191 3718 duos.
2280 3651 2334 3717 O
2383 3654 2657 3718 clemen·

514 3764 671 3828 tiam
743 3762 971 3847 populi
1032 3762 1310 3826 Romani
1383 3782 1496 3826 seu
1559 3761 1776 3844 potius
1841 3760 2218 3845 patientiam
2288 3761 2517 3825 miram
2553 3743 2658 3826 ‘ac

514 3869 930 3956 singularem!
1049 3867 1268 3934 Civem
1342 3866 1707 3933 Romanum
1791 3868 1997 3933 securi
2068 3889 2206 3933 esse
2279 3889 2655 3952 percussum

512 3978 597 4042 Μ.
634 3976 915 4060 Annius,
960 3996 1155 4059 eques
1202 3974 1559 4059 Romanus,
1614 3976 1770 4039 dicit
1817 4013 1899 4021 -
1948 3966 2148 4059 taces3
2203 3974 2656 4058 archipiratam

516 4088 708 4169 negat
728 4122 810 4131 —
830 4083 1070 4147 fateris.
1125 4081 1234 4147 Fit
1261 4084 1537 4168 gemitus
1559 4084 1849 4148 omnium
1878 4084 1943 4146 et
1966 4083 2226 4165 clamor,
2264 4102 2410 4145 cum
2439 4083 2658 4143 tamen

439 4210 490 4250 85
519 4214 557 4255 a
599 4191 916 4274 praesenti
971 4191 1290 4275 supplicio
1347 4195 1461 4255 tuo
1518 4189 1839 4254 continuit
1883 4190 2161 4273 populus
2210 4187 2540 4250 Romanus
2589 4206 2656 4252 se

2693 2177 2759 2226 73

2695 3671 2762 3720 74
