3175 4800
380 2066 492 2127 -15

1476 389 1703 438 35—61.
1797 399 1804 403 ¹
2045 445 2048 449 Α
2199 397 2246 427 ·-
2626 385 2660 446 7

521 551 633 633 qui
687 550 785 613 illi
830 547 1075 613 inimici
1121 547 1484 629 infensique
1531 551 1716 629 sunt,
1770 532 1836 610 et
1882 544 2325 629 expectatione
2374 544 2662 608 omnium

522 661 586 722 et
633 655 1076 742 magnitudine
1119 671 1335 719 rerum
1383 654 1652 738 dignum
1699 652 1917 735 eloqui
1961 652 2222 736 possim.
2295 651 2396 716 Tu
2430 652 2664 727 horum
2702 667 2769 715 43

521 764 686 829 nihil
745 762 1009 845 metuis,
1064 761 1229 826 nihil
1289 761 1563 848 cogitas,
1617 760 1783 824 nihil
1835 759 2089 823 laboras
2138 762 2230 841 et,
2285 758 2340 821 si
2388 757 2542 841 quid
2588 780 2668 821 ex

519 875 733 936 vetere
793 870 1010 952 aliqua
1070 864 1385 933 oratione:
1449 866 1697 932 ‘Iovem
1746 888 1864 952 ego
1914 865 2235 949 optimum
2282 865 2666 940 maximum’

468 997 492 1037 5
521 982 659 1042 aut:
720 975 1022 1059 ‘Vellem,
1068 975 1124 1039 si
1167 975 1310 1039 fieri
1355 974 1701 1058 potuisset,
1745 973 1985 1037 iudices
2000 972 2040 1055 ⁹,
2083 975 2195 1036 aut
2241 971 2484 1054 aliquid
2531 972 2667 1037 eius

521 1085 698 1149 modi
743 1084 1021 1160 ediscere
1067 1081 1383 1165 potueris,
1430 1083 1753 1165 praeclare
1800 1084 1864 1144 te
1911 1082 2208 1169 paratum
2253 1078 2323 1141 in
2358 1077 2667 1142 iudicium

520 1195 864 1265 venturum
911 1187 1283 1253 arbitraris?
1366 1187 1463 1253 Ac
1511 1187 1565 1252 si
1612 1186 1733 1251 tibi
1774 1208 1963 1251 nemo
2010 1206 2435 1269 responsurus
2484 1187 2670 1266 esset,
2706 1201 2773 1248 44

521 1302 740 1363 tamen
798 1298 1007 1382 ipsam
1054 1316 1341 1378 causam,
1399 1298 1474 1358 ut
1520 1315 1641 1380 ego
1690 1294 1994 1376 arbitror,
2054 1294 2492 1357 demonstrare
2538 1313 2671 1356 non

521 1426 769 1490 posses3
805 1386 978 1470 nunc
1013 1427 1094 1469 ne
1131 1404 1293 1468 illud
1334 1401 1593 1486 quidem
1633 1401 1908 1487 cogitas,
1952 1400 2100 1465 tibi
2146 1421 2312 1464 cum
2356 1399 2688 1477 homine·

444 1533 494 1571 το
522 1511 1037 1577 disertissimo
1087 1514 1161 1575 et
1206 1511 1296 1575 ad
1343 1508 1746 1574 dicendum
1784 1506 2283 1592 paratissimo
2322 1505 2669 1570 futurum

522 1640 685 1684 esse
734 1622 1147 1701 certamen,
1194 1616 1457 1699 quicum
1504 1615 1697 1679 modo
1746 1613 2215 1696 disserendum,
2260 1612 2453 1677 modo
2494 1613 2670 1677 omni

520 1725 769 1790 ratione
807 1723 1243 1809 pugnandum.
1267 1722 1770 1804 certandumque
1808 1721 1893 1784 sit
1907 1720 1941 1784 P
1979 1720 2159 1785 cuius
2189 1741 2308 1805 ego
2338 1719 2672 1805 ingenium

521 1832 614 1896 ita
658 1832 852 1897 laudo
863 1880 883 1914 ,
928 1833 1002 1895 ut
1046 1850 1180 1894 non
1225 1829 1704 1913 pertimescam,
1757 1829 1849 1893 ita
1896 1827 2127 1911 prob0,
2196 1830 2271 1892 ut
2316 1849 2418 1891 me
2466 1827 2545 1891 ab
2594 1849 2669 1891 eo

524 1938 826 2004 delectari
870 1937 1124 2003 facilius
1175 1958 1368 2020 quam
1415 1936 1627 2020 decipi
1672 1940 1894 2021 putem
1942 1955 2149 2019 posse.

698 2044 1129 2128 Numquam
1176 2045 1313 2108 ille
1360 2062 1472 2108 me
1521 2044 1907 2126 opprimet
1953 2042 2254 2121 consiliO,
2318 2062 2670 2135 numquam

519 2153 655 2217 ullo
714 2152 986 2216 artificio
1045 2154 1399 2236 pervertet,
1452 2136 1807 2234 numquam
1868 2150 2128 2236 ingenio
2190 2171 2293 2212 me
2340 2169 2456 2212 suo
2502 2147 2674 2211 labe-

522 2258 762 2322 factare
823 2261 1017 2341 atque
1076 2259 1405 2333 infirmare
1463 2258 1829 2339 conabitur;
1892 2256 2047 2320 novi
2110 2275 2331 2319 omnes
2392 2254 2672 2318 hominis

523 2363 868 2448 petitiones
923 2365 1334 2449 rationesque
1390 2365 1676 2448 dicendi3
1733 2386 1922 2449 saepe
1968 2364 2039 2428 in
2082 2363 2314 2447 isdem,
2371 2383 2559 2447 saepe
2605 2362 2674 2427 in

527 2472 863 2537 contrariis
921 2471 1128 2537 causis
1184 2473 1419 2538 versati
1467 2494 1718 2556 sumus3
1773 2473 1865 2537 ita
1911 2475 2136 2537 contra
2183 2493 2285 2534 me
2330 2471 2440 2534 ille
2488 2470 2675 2554 dicet,

442 2600 495 2641 20
524 2580 814 2662 quamvis
881 2581 966 2645 sit
1028 2575 1430 2666 ingeniosus,
1492 2584 1566 2644 ut
1630 2602 1765 2644 non
1825 2581 2112 2644 nullum'
2155 2578 2346 2643 etiam
2414 2577 2492 2642 de
2556 2598 2671 2641 suo

523 2686 782 2771 ingenio
829 2674 1139 2751 iudicium
1185 2689 1326 2752 fieri
1372 2688 1736 2753 arbitretur.

704 2792 1037 2872 Caecilius,
1084 2795 1188 2859 eiu
1231 2796 1563 2878 uuyeu'bter
1606 2795 1956 2876 Aufduyer‚
2003 2795 2216 2858 wiirole
2262 2793 2779 2998 eberisoweuiy30
2710 2808 2778 2856 45

524 2899 620 2963 als
683 2900 784 2963 die
848 2900 1280 2981 Mitaukliiyer
1343 2901 1418 2990 L.
1457 2901 1809 2982 Appuleius
1866 2901 2001 2965 und
2061 2900 2330 2966 Alienus
2403 2902 2513 2965 der
2571 2919 2671 2981 qe

523 3005 780 3087 wieyteu
874 3005 1338 3088 Meistersehaft
1428 3008 1533 3071 des
1615 3006 1990 3071 Hortensius
2076 3007 2431 3087 yewaehseu
2518 3008 2669 3071 seiri.

452 3134 502 3174 25
528 3111 697 3177 Aber
766 3111 982 3177 Verres
1057 3112 1166 3177 hat
1255 3112 1386 3177 ihm
1452 3112 1709 3206 uureeht
1788 3118 2004 3195 yetau,
2095 3112 2343 3176 deshalb
2418 3112 2532 3177 soll
2610 3134 2676 3177 er

527 3219 629 3282 eiu
726 3221 1063 3302 ,qeeiyueter
1146 3219 1466 3301 Auklu‘yer
1564 3220 1715 3285 seiri.
1848 3217 1992 3284 Das
2082 3218 2343 3284 Uureeht
2422 3218 2677 3284 bestmml

528 3325 746 3407 dariu,
828 3327 972 3407 dass
1053 3329 1163 3392 der
1234 3327 1501 3392 Praetor
1581 3329 1720 3392 dem
1794 3326 2092 3406 Quaestor
2165 3326 2463 3409 abuahm,
2531 3346 2675 3402 ,was

526 3431 726 3497 dieser
775 3434 1036 3514 yeraubt
1086 3434 1276 3515 halle,
1332 3435 1466 3499 und
1506 3436 1621 3515 fiir
1665 3434 1797 3499 sich
1842 3434 2072 3499 behielt.
2146 3430 2289 3497 Das
2333 3432 2499 3498 wircl
2542 3434 2674 3498 uie—

526 3541 722 3604 maud
783 3540 882 3605 als
941 3540 1205 3607 Uureeht
1252 3562 1441 3625 yeyen
1500 3540 1809 3608 Caecilius
1857 3541 2054 3624 ,qelteu
2100 3541 2331 3623 lasseu,
2385 3561 2451 3604 er
2495 3540 2676 3634 selbst

449 3669 501 3708 ao
528 3647 696 3725 muls
753 3665 816 3711 es
869 3648 1029 3713 auch
1080 3648 1251 3713 nieht
1294 3650 1524 3715 sehwer
1564 3670 1926 3732 yeuommeu
1970 3647 2194 3729 haberi,
2250 3648 2413 3711 deun
2457 3668 2524 3711 er
2568 3648 2677 3711 hat

388 3817 399 3842 1
527 3750 658 3815 sich
691 3753 771 3834 ja
817 3755 933 3818 mit
981 3755 1197 3821 Verres
1242 3757 1539 3822 versb‘hut.

708 3856 806 3923 Ac
834 3860 1006 3944 vide,
1044 3862 1197 3945 quid
1236 3864 1486 3928 differat
1522 3863 1693 3927 inter
1728 3884 1936 3930 meam
1967 3862 2337 3946 opinionem
2367 3882 2440 3925 ac
2476 3862 2672 3924 tuam.
2713 3877 2777 3924 61

530 3963 629 4027 Tu
677 3986 823 4029 cum
872 3969 1171 4034 omnibus
1217 3971 1408 4036 rebus
1454 3970 1720 4034 inferior
1776 3968 1890 4052 sis,
1943 3969 2082 4033 hac
2137 3990 2283 4044 una
2336 3967 2414 4031 in
2467 3990 2547 4030 re
2602 3970 2675 4031 te

530 4070 717 4135 mihi
791 4076 1166 4141 anteferri
1248 4081 1472 4161 putas
1558 4079 1950 4159 oportere,
2034 4075 2231 4156 quod
2315 4076 2677 4154 quaestor

454 4200 503 4240 85
530 4175 746 4244 illius
820 4182 1088 4269 fueris3
1178 4206 1327 4271 ego,
1422 4184 1478 4249 si
1542 4181 1832 4266 superior
1904 4181 2128 4246 ceteris
2214 4180 2404 4244 rebus
2488 4197 2676 4260 esses,
