3175 4800
1414 385 1595 433 128—
1611 385 1729 432 135.
2559 380 2644 446 65

679 542 818 609 Der
866 544 1109 608 Verlust
1143 543 1479 609 wertvoller
1529 543 1749 609 Werke
1792 548 1961 608 wdre
2006 543 2164 607 auch
2210 545 2329 608 den
2374 542 2651 607 Ro'mern
2693 552 2793 600 131

499 651 897 734 empfindlich
916 671 1214 733 yewesen,
1252 654 1447 716 denen
1474 650 2083 716 Kunstverstcindnis
2111 650 2263 716 doch
2289 649 2654 715 verhaltnis-
2694 624 2794 671 132

500 759 731 841 mdfsiy
755 761 898 840 fem
925 759 1061 841 lam
1108 778 1174 822 er
1200 779 1337 823 war
1363 759 1465 822 ein
1491 757 1786 822 schwerer
1813 755 2038 839 Schlay
2062 759 2175 838 fiir
2203 758 2301 822 die
2335 755 2653 835 Grieohen,

501 866 696 930 denen
741 865 874 929 ihre
918 866 1330 931 Kunsbwerke
1373 864 1476 928 ihr
1518 869 1809 930 tener-ster
1844 863 2056 929 Besitz
2103 885 2332 929 waren.

451 1001 475 1040 5
680 973 862 1038 Licet
916 974 1038 1038 iste
1095 973 1266 1038 dicat
1321 973 1551 1036 emisse
1608 994 1703 1055 se,
1763 973 1953 1037 sicuti
2010 974 2175 1037 solet
2232 972 2468 1055 dicere,
2524 994 2654 1036 cre·
2695 998 2794 1046 133

504 1079 633 1144 dite
689 1080 815 1145 hoc
868 1081 1058 1163 mihi,
1112 1080 1380 1144 iudices:
1439 1081 1622 1144 nulla
1676 1101 1984 1162 umquam
2041 1079 2264 1144 civitas
2312 1082 2452 1143 tota
2496 1077 2655 1143 Asia

504 1190 568 1251 et
616 1185 880 1251 Graecia
936 1188 1192 1274 signum
1247 1188 1484 1270 ullum,
1538 1187 1828 1251 tabulam
1873 1187 2116 1270 pictam
2163 1187 2392 1268 ullam,
2446 1186 2653 1249 ullum

503 1294 778 1376 denique
826 1299 1273 1359 ornamentum
1321 1294 1498 1359 urbis
1548 1315 1665 1358 sua
1709 1295 2043 1358 voluntate
2093 1294 2392 1375 cuiquam
2438 1293 2654 1357 vendi-

503 1400 624 1485 dit3
697 1402 824 1466 nisi
894 1402 1064 1467 forte
1138 1402 1549 1484 existimatis,
1622 1405 2047 1485 posteaquam
2122 1401 2361 1465 iudicia
2435 1422 2655 1465 severa

423 1536 475 1574 ιο
503 1507 748 1573 Romae
807 1509 949 1573 fieri
1004 1509 1357 1591 desierunt,
1422 1507 1696 1573 Graecos
1757 1508 2050 1573 homines
2110 1508 2270 1573 haec
2324 1508 2653 1572 venditare

503 1616 819 1699 coepisse,
893 1637 1055 1699 quae
1129 1619 1269 1679 tum
1333 1637 1467 1679 11011
1531 1615 1724 1679 1110ᾶο
1789 1637 1923 1679 11011
1984 1615 2432 1697 venditabant,
2506 1636 2651 1678 cum

502 1722 741 1786 iudicia
798 1723 1069 1805 fiebant,
1128 1745 1352 1786 verum
1413 1722 1607 1786 etiam
1670 1722 2073 1804 coemebant3
2135 1726 2246 1785 aut
2303 1722 2430 1786 nisi
2490 1721 2653 1786 arbi-

502 1829 764 1892 tramini
809 1829 879 1893 L.
903 1827 1158 1912 Crasso,
1207 1828 1278 1905 Q.
1311 1827 1684 1911 Scaevolae,
1740 1828 1805 1894 O.
1837 1828 2102 1893 Claudio
2113 1879 2131 1913 ,
2187 1829 2651 1912 potentissimis

446 1980 450 1984 -
501 1935 902 2020 hominibus,
950 1958 1224 2018 quorum
1264 1937 1622 2001 aedilitates
1663 1937 2100 2002 ornatissimas
2139 1937 2446 2019 vidimuS,
2483 1958 2653 2000 com-

423 2069 474 2108 15
501 2042 811 2107 mercium
848 2044 1116 2109 istarum
1147 2066 1360 2108 rerum
1401 2066 1549 2109 cum
1580 2043 1836 2109 Graecis
1866 2044 2237 2108 hominibus
2266 2066 2400 2107 11011
2435 2044 2654 2125 fuisse,

501 2151 620 2233 eis,
677 2151 788 2233 (1111
832 2154 984 2234 post
1027 2151 1412 2215 iudiciorum
1460 2152 1951 2215 dissolutionem
1999 2151 2234 2214 aediles
2281 2150 2437 2214 facti
2484 2153 2653 2232 sunt,

501 2256 719 2320 fuisse.

680 2361 1183 2428 Acerbiorem
1230 2363 1424 2429 etiam
1473 2365 1703 2430 scitote
1751 2386 1913 2431 esse
1962 2365 2331 2430 civitatibus
2378 2364 2652 2429 falsam
2693 2386 2795 2435 134

501 2470 691 2535 istam
766 2476 831 2536 et
904 2472 1269 2536 simulatam
1347 2473 1839 2557 emptionem,
1913 2496 2106 2558 quam
2181 2472 2236 2536 si
2301 2473 2412 2556 qui
2486 2474 2653 2536 clam

423 2603 474 2642 20
502 2577 818 2662 subripiat
865 2583 976 2643 aut
1023 2580 1252 2662 eripiat
1299 2581 1512 2664 palam
1562 2584 1756 2664 atque
1803 2581 2067 2645 auferat.
2158 2579 2330 2645 Nam
2377 2579 2653 2663 turpitu-

502 2685 715 2750 dinem
745 2708 1064 2751 summam
1102 2710 1240 2752 0330
1279 2688 1675 2752 arbitrantur
1709 2688 1932 2753 referri
1968 2689 2038 2752 in
2074 2689 2327 2752 tabulas
2358 2686 2650 2770 publicas

500 2794 707 2875 pretio
775 2794 1117 2859 adductam
1184 2796 1541 2877 civitatem,
1606 2799 1671 2859 et
1733 2796 1942 2878 pretio
2011 2816 2238 2877 parm,
2312 2817 2413 2877 ea,
2489 2816 2652 2875 (11130

503 2899 855 2980 accepisset
936 2923 974 2961 a
1054 2901 1436 2982 maioribus,
1517 2901 1879 2964 vendidisse
1963 2905 2156 2983 atque
2239 2900 2650 2963 abalienasse.

501 3003 763 3067 Etenim
826 3005 1187 3069 mirandum
1246 3007 1318 3069 in
1377 3005 1642 3069 modum
1709 3005 1933 3070 Graeci
1990 3006 2182 3069 rebus
2247 3006 2416 3089 istis,
2493 3027 2649 3089 quas

423 3134 473 3174 25
501 3133 620 3175 nos
695 3112 1194 3196 contemnimus,
1268 3114 1683 3178 delectantur.
1800 3111 2027 3195 Itaque
2071 3112 2372 3176 'maiores
2444 3113 2652 3177 nostri

500 3218 689 3281 facile
751 3219 1163 3301 patiebantur
1226 3220 1385 3285 haec
1450 3241 1588 3284 esse
1653 3220 1823 3303 apud
1886 3220 2033 3283 illos
2096 3241 2289 3301 quam
2354 3220 2652 3304 plurima,

502 3325 673 3408 apud
729 3326 966 3409 socios,
1011 3331 1085 3391 ut
1129 3328 1400 3410 imperio
1446 3331 1671 3392 nostro
1721 3349 1913 3410 quam
1962 3326 2376 3391 ornatissumi
2420 3328 2650 3392 floren-

499 3431 883 3517 tissumique
944 3438 1183 3519 essent3
1244 3435 1414 3519 apud
1475 3456 1583 3499 eos
1634 3438 1876 3518 autem,
1937 3456 2097 3517 quos
2155 3435 2487 3519 vectigalis
2537 3438 2649 3499 aut

500 3539 947 3622 stipendiarios
1008 3541 1320 3625 fecerant,
1384 3546 1604 3606 tamen
1659 3540 1818 3606 haec
1877 3542 2356 3625 relinquebant,
2413 3545 2488 3604 ut
2533 3541 2650 3624 illi,

420 3668 473 3708 ao
502 3648 733 3729 quibus
796 3648 956 3712 haec
1019 3650 1300 3713 iucunda
1362 3654 1540 3733 sunt,
1616 3670 1777 3732 quae
1849 3649 2037 3713 nobis
2102 3649 2271 3712 levia
2333 3649 2648 3733 videntur,

497 3753 811 3819 haberent
869 3755 1028 3820 haec
1090 3757 1561 3821 oblectamenta
1618 3761 1682 3820 et
1737 3756 1972 3821 solacia
2033 3756 2377 3821 servitutis.
2478 3755 2647 3833 Quid
2688 3775 2788 3822 135

499 3861 898 3926 arbitramini
937 3861 1301 3948 ReginOS,
1340 3865 1450 3947 qui
1487 3864 1617 3927 iam
1658 3864 1824 3928 cives
1864 3863 2143 3927 Romani
2181 3866 2358 3946 sunt,
2403 3886 2647 3927 merere

498 3970 689 4053 velle,
744 3973 819 4033 ut
879 3970 959 4033 ab
1016 3970 1095 4034 iis
1152 3993 1510 4035 marmorea
1555 3969 1802 4035 Venus
1859 3971 1971 4035 illa
2018 3970 2386 4035 auferatur?
2476 3968 2646 4046 Quid

500 4076 990 4161 TarentinOS,
1052 4082 1128 4141 ut
1191 4078 1575 4161 Europam
1642 4079 1713 4142 in
1770 4081 1955 4142 tauro
2013 4080 2341 4159 amittant,
2397 4079 2471 4139 ut
2519 4074 2646 4138 Sa-

420 4204 473 4243 35
500 4187 780 4267 tyrum,
840 4185 951 4268 qui
1012 4185 1183 4267 apud
1243 4186 1388 4249 illos
1450 4186 1518 4249 in
1578 4186 1732 4249 aede
1780 4185 2015 4250 Vestae
2077 4189 2202 4267 est,
2259 4187 2334 4246 ut
2394 4180 2647 4245 cetera?

606 4306 789 4347 Ciceros
805 4308 1053 4362 Verrinen,
1080 4321 1122 4348 v.
1139 4309 1300 4349 Bardt.
1356 4309 1485 4348 Text.
2186 4310 2216 4356 5
