3175 4800
1439 409 1667 458 61—70.
2580 410 2621 474 9

483 570 724 632 multo
781 567 1028 632 videri
1086 567 1310 632 debet
1365 566 1728 650 aequius?
1817 566 1981 632 Utra
2026 568 2228 653 igitur
2273 572 2371 633 est
2417 572 2626 653 splen-

483 673 716 758 didior,
761 678 908 739 utra
942 675 1256 739 illustrior
1294 675 1850 739 commemoratio:
1924 672 2264 740 ‘Accusavi
2300 698 2477 759 eum,
2523 678 2625 741 cui

483 785 783 864 quaestor
818 782 1094 864 fueram,
1123 782 1383 864 quicum
1431 804 1532 846 1116
1570 803 1709 846 6016
1740 783 2264 865 consuetudoque
2292 783 2627 866 maiorum,
2671 786 2689 805 ”

483 890 743 971 quicum
803 911 906 953 me
967 888 1232 952 deorum
1286 888 1752 971 hominumque
1812 888 2120 953 iudicium
2169 889 2627 973 coniunxerat,'

430 1017 452 1055 5
482 1019 590 1061 an:
667 994 1005 1060 ‘Accusavi
1047 999 1281 1080 rogatu
1325 996 1647 1060 sociorum
1686 999 1879 1078 atque
1917 996 2297 1079 amicorum,
2344 996 2625 1060 delectus

482 1124 624 1168 sum
689 1103 769 1167 ab
834 1104 1133 1167 universa
1195 1102 1554 1187 provincia,
1621 1103 1732 1185 qui
1797 1102 1931 1166 eius
1996 1103 2137 1167 iura
2208 1102 2627 1185 fortunasque

481 1209 957 1276 defenderem?
1048 1208 1360 1273 Dubitare
1426 1210 1768 1293 quisquam
1818 1212 2061 1293 potest,
2103 1208 2260 1292 quin
2294 1209 2626 1274 honestius

482 1318 566 1382 sit
613 1340 835 1382 60111111
882 1338 1100 1399 causa,
1159 1317 1332 1401 apud
1379 1338 1538 1398 quos
1588 1319 1891 1398 quaestor
1935 1315 2161 1399 fueris,
2223 1338 2415 1398 quam
2463 1339 2629 1398 eum,

482 1426 662 1490 cuius
714 1427 1016 1508 quaestor
1059 1424 1288 1507 fueris,
1335 1422 1679 1488 accusare?

403 1552 453 1589 10
661 1530 1092 1596 Clarissimi
1128 1531 1277 1595 viri
1311 1535 1568 1595 nostrae
1608 1529 1886 1594 civitatis
1924 1529 2324 1611 temporibus
2366 1530 2626 1614 optimis

361 1629 369 1641 ⁹
479 1639 604 1704 hoc
651 1639 774 1703 sibi
822 1639 1380 1722 amplissimum
1418 1636 2051 1720 pulcherrimumque
2089 1636 2501 1720 ducebant,
2547 1638 2627 1702 ab

479 1745 846 1829 hospitibus
887 1744 1357 1827 clientibusque
1404 1744 1565 1826 suis,
1611 1743 1690 1808 ab
1741 1743 1973 1808 exteris
2018 1743 2419 1826 nationibus,
2465 1764 2628 1827 quae

481 1853 548 1915 in
586 1850 936 1915 amicitiam
974 1851 1201 1935 populi
1229 1850 1508 1915 Romani
1546 1850 1994 1933 dicionemque
2033 1853 2273 1933 66661111,
2300 1850 2626 1915 iniurias

480 1959 935 2042 propulsare
983 1978 1331 2040 eorumque
1377 1958 1670 2022 fortunas
1719 1958 2073 2022 defendere.

401 2085 451 2123 15
658 2063 743 2130 So
787 2070 914 2129 irat
954 2063 1105 2130 Cato
1147 2066 1261 2148 fiir
1304 2065 1405 2130 die
1440 2063 1733 2147 Spanier,
1791 2063 1903 2128 Cn.
1932 2062 2254 2129 Domitius
2295 2066 2408 2146 fiir
2451 2065 2629 2129 einen

486 2170 732 2236 Gallier
778 2172 894 2235 mit
937 2170 1315 2236 Naohdruck
1358 2172 1491 2250 ein,
1549 2172 1686 2236 und
1743 2170 1842 2234 die
1902 2171 2101 2235 besten
2146 2170 2449 2252 Miinner,
2513 2172 2629 2235 wie
2716 2165 2736 2191 ⁸

483 2277 560 2341 P.
588 2277 892 2342 Lentulus
936 2280 1070 2343 und
1115 2279 1226 2343 der
1267 2279 1530 2361 jimyere
1564 2276 1953 2360 AfrilcanuS,
1998 2276 2254 2342 erheben
2281 2276 2626 2359 Ankhqm,

481 2386 582 2451 die
628 2385 727 2450 die
765 2384 1073 2468 Tdtiykeit
1118 2386 1228 2451 der
1276 2384 1600 2467 Anklc'iyer
1646 2406 1726 2450 zu
1776 2383 1992 2450 Ehren
2037 2385 2340 2450 brachten.

662 2491 856 2556 Cuius
918 2492 1399 2557 consuetudinis
1460 2495 1654 2575 atque
1716 2492 2001 2557 instituti
2055 2496 2269 2576 patres
2331 2492 2629 2557 maiores-

404 2620 455 2659 20
485 2620 608 2682 que
654 2604 909 2663 nostros
969 2621 1103 2663 non
1160 2599 1532 2684 paenitebat
1589 2603 1759 2683 tum,
1819 2621 1966 2663 cum
2013 2598 2082 2662 P.
2111 2599 2515 2681 LentuluS‚
2572 2599 2626 2663 is

485 2708 595 2789 qui
654 2707 951 2792 princeps
1013 2710 1270 2771 senatus
1331 2706 1483 2789 fuit,
1548 2706 1891 2771 accusabat
1948 2706 2051 2770 Μ’.
2081 2705 2417 2788 Aquilium
2484 2706 2628 2769 sub-

411 2807 416 2812 ’
486 2814 795 2896 scriptore
852 2811 917 2876 O.
938 2811 1184 2877 Rutilio
1233 2812 1435 2896 Rufo,
1494 2818 1607 2877 aut
1653 2834 1800 2877 cum
1838 2799 2398 2894 Ρ.Α1“1101111116,Χ
2430 2812 2626 2876 1101110

485 2919 750 3001 virtute,
794 2918 1081 3000 fortuna,
1127 2919 1361 3002 gloria,
1404 2920 1596 2982 rebus
1652 2920 1849 3003 gestis
1898 2919 2361 3002 amplissimus,
2405 2923 2630 3002 postea

2666 1548 2732 1596 66

2666 2081 2732 2128 67

2667 2222 2734 2270 68

2667 2510 2733 2558 69

489 3046 679 3106 quam
726 3024 825 3088 bis
874 3026 1101 3089 consul
1147 3028 1213 3088 et
1259 3046 1486 3089 censor
1528 3025 1767 3107 fuerat,
1811 3024 1882 3088 L.
1905 3023 2162 3088 Cottam
2208 3025 2276 3088 in
2321 3025 2627 3089 iudicium
2723 3039 2732 3062 ’-

407 3154 456 3192 25
486 3132 773 3196 vocabat.
865 3130 1013 3195 Iure
1067 3136 1207 3195 tum
1254 3111 1527 3197 florebat
1572 3131 1801 3216 populi
1845 3129 2123 3195 Romani
2168 3154 2434 3214 nomen,
2492 3132 2629 3196 iure

487 3239 833 3303 auctoritas
880 3238 1071 3302 huius
1112 3237 1367 3322 imperii
1404 3238 1812 3321 civitatisque
1850 3237 2148 3302 maiestas
2187 3237 2400 3324 gravis
2438 3238 2629 3302 habe-

486 3347 689 3410 batur.
781 3345 992 3409 Nemo
1053 3345 1407 3410 mirabatur
1468 3345 1538 3409 in
1596 3343 1901 3409 Africano
1964 3345 2107 3428 illo,
2168 3346 2339 3428 quod
2398 3345 2469 3409 in
2526 3368 2628 3409 me

482 3474 654 3517 nunc
735 3452 997 3516 homine
1080 3452 1292 3535 parvis
1383 3452 1613 3536 opibus
1701 3473 1776 3517 ac
1846 3452 2262 3517 facultatibus
2336 3452 2626 3535 praedito

484 3559 790 3624 simulant
836 3581 972 3624 sese
1011 3559 1254 3642 mirari,
1301 3581 1447 3624 cum
1495 3559 1764 3623 moleste
1801 3559 2042 3622 ferunt:
2092 3558 2289 3635 ‘Quid
2337 3559 2460 3622 sibi
2506 3559 2626 3624 iste

405 3688 456 3726 30
484 3666 668 3730 vult?
724 3664 1267 3732 Accusatoremne
1328 3688 1395 3731 se
1456 3665 1835 3749 existimari,
1892 3665 2002 3747 qui
2049 3668 2237 3729 antea
2293 3665 2628 3731 defendere

484 3777 851 3856 consuerat,
908 3795 1081 3838 nunc
1104 3805 1121 3815 ·
1139 3773 1546 3858 praesertim,
1606 3795 1681 3836 ea
1741 3772 1870 3836 iam
1928 3776 2163 3855 aetate,
2218 3792 2363 3836 cum
2413 3773 2629 3837 aedili-

483 3883 683 3945 tatem
747 3879 1000 3964 petat‘?'
1089 3879 1251 3965 Ego
1314 3901 1493 3944 vero
1560 3884 1627 3943 et
1686 3879 1912 3944 aetatis
1977 3901 2109 3943 non
2172 3880 2365 3943 modo
2433 3902 2630 3961 meae,

485 3988 594 4052 sed
655 3988 862 4052 multo
924 3986 1117 4051 etiam
1178 3986 1521 4071 superioris
1584 3989 1650 4050 et
1705 3986 1969 4051 honoris
2032 3985 2413 4068 amplissimi
2468 3989 2627 4070 puto

486 4116 621 4159 esse
669 4098 733 4158 et
780 4114 1144 4159 accusare
1190 4093 1560 4178 inprobos
1611 4096 1675 4158 et
1720 4091 2040 4156 miseros
2100 4091 2628 4155 calamitosos-

407 4221 457 4259 35
488 4222 627 4283 que
704 4201 1129 4267 defendere.
1220 4199 1309 4264 Et
1372 4199 1664 4282 profecto
1741 4202 1852 4261 aut
1913 4197 2039 4261 hoc
2111 4195 2465 4259 remedium
2532 4201 2628 4259 est

2668 3577 2735 3625 70
