3175 4800
1386 412 1484 460 121
1503 439 1564 446 -
1581 412 1699 461 128.
2526 409 2611 472 63

476 592 624 635 cum
682 570 864 635 testis
927 569 1196 653 diceret,
1255 568 1702 655 commoveri),
1760 570 1830 634 in
1879 570 2112 654 quibus
2163 591 2372 654 neque
2417 592 2611 634 manu

475 669 743 743 factum‘
767 677 1111 762 quicquam
1155 698 1363 761 neque
1389 677 1803 761 pulchritudo
1842 681 1977 741 erat
2014 678 2175 761 ulla,
2212 676 2323 742 sed
2359 680 2612 741 tantum

475 785 853 871 magnitudo
927 784 1345 868 incredibilis,
1418 783 1496 848 de
1571 805 1699 868 qua
1769 785 1873 848 vel
1937 783 2155 848 audire
2211 784 2364 848 satis
2430 788 2613 864 esset,

475 891 748 954 nimium
830 890 1045 955 videre
1125 892 1272 975 plus
1358 912 1549 974 quam
1635 892 1832 955 semel
1897 928 1984 936 —
2051 890 2244 955 etiam
2327 890 2393 954 id
2467 912 2613 955 con·

424 1020 449 1061 5
477 998 757 1082 cupisti?

653 1103 826 1169 Nam
887 1102 1193 1189 Sappho
1204 1154 1224 1189 ,
1283 1126 1444 1190 quae
1500 1105 1756 1169 sublata
1815 1104 1892 1169 de
1952 1104 2249 1189 prytanio
2318 1109 2440 1188 est,
2506 1104 2615 1168 dat
2655 1122 2757 1171 126

476 1211 599 1276 tibi
653 1212 888 1276 iustam
948 1212 1453 1297 excusationem,
1507 1234 1711 1296 prope
1764 1216 1839 1275 ut
1886 1211 2363 1277 concedendum
2422 1214 2614 1295 atque

479 1319 941 1405 ignoscendum
997 1340 1134 1384 esse
1180 1319 1486 1384 videatur.
1580 1317 2013 1383 Silanionis
2062 1340 2250 1402 opus
2297 1322 2430 1382 tam
2478 1340 2616 1401 per·
2657 1336 2758 1385 126

477 1426 747 1509 fectum,
783 1429 916 1490 tam
947 1427 1233 1512 elegans,
1268 1429 1402 1490 tam
1433 1425 1831 1490 elaboratum
1871 1426 2213 1510 quisquam
2249 1446 2384 1489 non
2423 1424 2614 1489 modo

399 1557 451 1595 ιο
477 1533 794 1617 privatus,
839 1534 948 1598 sed
996 1535 1274 1617 populus
1322 1533 1537 1617 potius
1581 1532 1849 1597 haberet
1895 1556 2087 1616 quam
2131 1532 2328 1597 homo
2368 1533 2618 1617 elegan-

476 1639 763 1704 tissimus
825 1643 1018 1724 atque
1077 1639 1574 1722 eruditissimae,
1631 1638 1908 1704 Verres?
2008 1639 2335 1705 Nimirum
2396 1641 2619 1702 contra

480 1747 608 1811 dici
651 1746 816 1810 nihil
862 1749 1092 1830 potest.
1183 1745 1550 1811 Nostrum
1600 1745 1796 1810 enim
1845 1767 2037 1810 unus
2087 1745 2447 1830 quisque,
2508 1745 2619 1829 qui

479 1856 613 1917 tam
659 1852 859 1936 beati,
914 1874 1105 1937 quam
1152 1853 1273 1917 iste
1319 1856 1444 1936 est,
1495 1875 1629 1917 non
1683 1874 1934 1938 sumus,
1987 1856 2121 1918 tam
2178 1851 2434 1917 delicati
2481 1872 2619 1916 esse

477 1982 611 2025 non
645 1981 1017 2045 possumus,
1063 1960 1126 2024 si
1164 1961 1462 2045 quando
1511 1960 1798 2044 aliquid
1844 1960 2073 2025 istius
2111 1959 2312 2024 modi
2359 1959 2619 2023 videre

403 2090 453 2129 15
480 2068 718 2150 volet,
792 2072 911 2132 eat
984 2068 1073 2132 ad
1138 2067 1393 2133 aedem
1457 2066 1925 2150 Felicitatis,
1985 2067 2065 2131 ad
2128 2068 2619 2131 monumentum

481 2173 718 2257 Catuli,
763 2174 832 2238 in
867 2174 1189 2257 porticum
1226 2174 1498 2256 Metelh',
1543 2174 1650 2237 det
1686 2161 1976 2257 operam,
2021 2178 2095 2237 ut
2131 2173 2508 2237 admittatur
2551 2172 2621 2235 in

480 2280 748 2344 alicuius
795 2280 1068 2344 istorum
1115 2280 1579 2363 Tusculanum,
1634 2283 1879 2363 spectet
1923 2280 2137 2344 forum
2185 2282 2511 2362 ornatum,
2566 2279 2620 2343 si

482 2386 635 2471 quid
698 2386 820 2451 iste
884 2409 1146 2452 suorum
1212 2388 1522 2454 aedilibus
1583 2387 2032 2471 commodarit3
2096 2385 2371 2452 Verres
2434 2385 2620 2452 haec

479 2494 759 2559 habeat
812 2493 1042 2578 domi,
1096 2493 1327 2561 Verres
1385 2497 1775 2561 ornamentis
1830 2495 2127 2558 fanorum
2185 2497 2376 2577 atque
2442 2494 2619 2577 oppi-

402 2623 454 2663 zo
482 2602 709 2666 dorum
763 2601 1000 2666 habeat
1052 2603 1310 2686 plenam
1358 2603 1651 2687 domum,
1712 2602 1897 2667 villas
1943 2600 2226 2665 refertas.
2320 2601 2620 2665 Etiamne

480 2708 671 2773 huius
720 2708 994 2793 operarii
1040 2709 1252 2774 studia
1297 2732 1371 2775 ac
1417 2710 1703 2793 delicias,
1748 2708 2017 2792 iudices,
2060 2707 2437 2792 perferetis?
2496 2706 2621 2784 Qui

482 2816 573 2881 ita
608 2820 827 2899 natus,
872 2816 964 2880 ita
1001 2816 1307 2881 educatus
1347 2822 1470 2901 est,
1506 2818 1599 2882 ita
1632 2819 1841 2882 factus
1881 2820 1946 2881 et
1983 2816 2195 2879 animo
2236 2820 2301 2879 et
2339 2836 2622 2897 corpore,

481 2927 555 2987 ut
601 2924 807 2986 multo
856 2922 1209 3006 adpositior
1256 2924 1335 2987 ad
1380 2924 1640 2988 ferenda
1691 2946 1885 3007 quam
1932 2922 2011 2985 ad
2058 2920 2402 2985 auferenda
2438 2920 2623 3006 signa

483 3050 620 3093 esse
674 3029 981 3093 videatur.
1074 3028 1290 3114 Atque
1345 3030 1533 3095 haec
1591 3028 1897 3114 Sappho
1956 3028 2262 3092 sublata
2308 3030 2621 3110 quantum

404 3156 456 3195 25
485 3122 868 3202 desiderium
917 3136 1018 3200 sui
1062 3136 1422 3220 reliquerit,
1467 3137 1594 3202 dici
1630 3138 1740 3201 vix
1774 3138 2005 3221 potest.
2087 3134 2259 3200 Nam
2299 3156 2446 3198 cum
2482 3133 2624 3216 ipsa

2662 3046 2762 3094 127

483 3244 607 3307 fuit
654 3244 905 3329 egregie
941 3244 1141 3328 facta,
1183 3248 1323 3308 tum
1370 3242 1836 3329 epigramma
1882 3240 2245 3306 Graecum
2293 3240 2622 3324 pernobile
2689 3266 2694 3270 ·

484 3350 808 3415 incisum
857 3354 970 3414 est
1016 3350 1094 3414 in
1138 3351 1332 3433 basi,
1379 3350 1551 3434 quod
1595 3350 1718 3415 iste
1764 3350 2050 3415 eruditus
2087 3348 2284 3413 homo
2334 3351 2398 3412 et
2436 3345 2623 3412 Grae-

485 3459 695 3541 culus,
741 3458 852 3540 qui
895 3457 1056 3522 haec
1102 3457 1425 3522 subtiliter
1468 3457 1735 3541 iudicat,
1783 3457 1893 3540 qui
1940 3457 2114 3520 solus
2162 3455 2509 3539 intellegit,
2569 3456 2624 3518 si

484 3587 678 3629 unam
705 3565 988 3629 litteram
1019 3563 1323 3629 Graecam
1353 3564 1605 3648 scisset,
1642 3568 1810 3629 certe
1838 3587 1968 3627 una
1996 3563 2376 3627 sustulisset.
2429 3560 2623 3626 Nunc

407 3688 459 3728 30
487 3671 686 3754 enim,
749 3670 922 3753 quod
978 3671 1289 3755 scriptum
1350 3674 1447 3736 est
1504 3671 1681 3735 inani
1741 3669 1809 3734 in
1867 3669 2035 3752 basi,
2098 3668 2405 3751 declarat,
2470 3667 2623 3751 quid

486 3777 708 3861 fuerit,
754 3780 817 3840 et
862 3778 927 3841 id
976 3778 1261 3842 ablatum
1308 3778 1563 3843 indicat.

667 3882 879 3960 Quid?
983 3881 1296 3969 Signum
1380 3884 1698 3949 Paeanis
1782 3906 1869 3948 ex
1951 3884 2128 3948 aede
2209 3882 2624 3965 Aesculapi

488 3992 810 4074 praeclare
846 3990 1119 4074 factum,
1164 4011 1415 4055 sacrum
1454 4013 1526 4056 ac
1561 3992 1963 4077 religiosum,
2006 4013 2141 4055 non
2186 3988 2625 4054 sustulisti?

491 4095 676 4171 Quod
732 4118 953 4161 omnes
1001 4102 1266 4182 propter
1308 4098 1851 4181 pulchritudinem
1896 4099 2130 4181 visere,
2174 4101 2439 4180 propter
2482 4095 2623 4158 reli-

415 4218 465 4257 35
494 4202 747 4285 gionem
796 4206 1002 4269 colere
1041 4205 1348 4270 solebant.
1425 4204 1636 4282 Quid?
1706 4206 1817 4270 Ex
1864 4206 2042 4269 aede
2088 4202 2352 4268 Liberi
2399 4201 2623 4265 simu-

2666 4215 2766 4263 128
