3175 4800
585 387 672 453 50
1238 386 1330 440 ΠΙ.
1369 387 1454 440 De
1492 385 1683 457 signis.
1742 387 2068 457 (Auswahl.)

581 547 808 633 Itaque
853 571 1052 614 nunc
1100 548 1528 614 Siculorum
1578 550 1928 615 Marcelli
1971 573 2122 615 non
2168 554 2344 615 sunt
2388 555 2728 638 patroni,

478 674 545 721 90
584 654 851 721 Verres
906 656 985 720 in
1039 678 1296 721 eorum
1349 658 1603 722 locum
1659 658 2132 725 substitutus
2180 662 2311 723 est.
2404 660 2611 736 Quam
2657 663 2728 727 in

480 2492 543 2539 91

583 766 649 827 te
693 766 942 827 tantam
991 763 1292 828 virtutem
1341 786 1478 828 esse
1523 767 1638 828 aut
1683 764 2062 850 dignitatem
2111 765 2455 831 arbitratus
2503 789 2599 851 es,
2651 773 2725 833 ut

588 891 887 935 conarere
951 870 1313 934 clientelam
1378 873 1512 934 tam
1578 871 1976 956 splendidae,
2048 878 2183 937 tam
2247 872 2516 938 illustris
2581 897 2725 959 pro·

585 976 833 1041 vinciae
877 978 1209 1041 traducere
1255 977 1333 1041 ad
1380 980 1474 1061 te,
1528 977 1781 1043 auferre
1840 1001 1878 1043 a
1936 980 2306 1044 certissimis
2363 981 2725 1066 antiquissi-
2754 1005 2779 1043 5

582 1082 833 1166 misque
878 1083 1210 1167 patronis?
1277 1083 1377 1148 Tu
1423 1084 1548 1149 ista
1601 1084 1917 1170 nequitia,
1972 1087 2276 1170 stultitia,
2317 1089 2552 1153 inertia
2593 1111 2726 1153 non

582 1191 774 1255 modo
830 1190 1031 1255 totius
1093 1189 1377 1275 Siciliae,
1432 1192 1543 1256 sed
1603 1192 1793 1256 unius
1854 1193 2215 1258 tenuissimi
2276 1192 2477 1260 Siculi
2537 1195 2725 1261 clien-

582 1299 778 1361 telam
833 1298 1002 1361 tueri
1051 1298 1281 1381 potes?
1352 1297 1501 1362 Tibi
1544 1298 1833 1364 Marcelli
1879 1304 2093 1366 statua
2136 1324 2253 1386 pro
2310 1303 2601 1386 patibulo
2656 1303 2726 1365 in

584 1404 847 1468 clientes
907 1404 1355 1469 Marcellorum
1420 1406 1588 1470 fuit?
1679 1407 1778 1471 Tu
1834 1430 1914 1472 ex
1965 1409 2139 1472 illius
2196 1410 2440 1474 honore
2493 1410 2561 1474 in
2614 1431 2722 1474 eos

582 1511 787 1595 ipsos,
834 1510 946 1595 qui
990 1511 1301 1576 honorem
1357 1512 1454 1576 illi
1508 1513 1894 1599 habuerant,
1957 1516 2273 1599 supplicia
2337 1506 2726 1600 quaerebas?
2755 1537 2808 1575 10

583 1617 751 1694 Quid
796 1618 1064 1702 postea?
1136 1618 1329 1695 Quid
1384 1620 1689 1684 tandem
1744 1620 1899 1685 tuis
1956 1622 2236 1686 statuis
2301 1623 2464 1688 fore
2529 1622 2726 1689 arbi-

583 1725 752 1789 trab
765 1724 932 1789 are?
1021 1724 1128 1789 An
1171 1748 1321 1790 vero
1369 1727 1464 1810 id,
1511 1727 1684 1810 quod
1731 1717 2004 1793 accidit?
2092 1728 2263 1795 Nam
2309 1729 2727 1814 Tyndaritani

586 1835 863 1895 statuam
910 1832 1121 1913 istius,
1171 1854 1363 1915 quam
1411 1833 1534 1896 sibi
1579 1839 1844 1918 propter
1878 1835 2215 1901 Marcellos
2262 1838 2488 1902 altiore
2536 1837 2724 1902 etiam

586 1938 726 2002 basi
770 1938 925 2021 poni
971 1938 1270 2024 iusserat,
1329 1939 1776 2024 deturbarunt,
1835 1941 2028 2007 simul
2089 1965 2161 2008 ac
2209 1965 2575 2009 successum
2619 1945 2724 2009 isti

585 2045 943 2110 audierunt.
2757 2070 2780 2108 1

762 2152 957 2217 Dedit
1019 2153 1220 2239 igitur
1282 2153 1405 2218 tibi
1466 2177 1640 2220 nunc
1712 2156 1972 2221 fortuna
2037 2155 2401 2222 Siculorum
2464 2157 2527 2222 G.
2565 2158 2724 2222 Mar-

585 2261 817 2325 cellum
872 2260 1178 2344 iudicem,
1233 2265 1332 2345 ut,
1389 2263 1569 2327 cuius
1626 2263 1706 2326 ad
1753 2266 2032 2327 statuam
2081 2263 2282 2329 Siculi
2328 2269 2393 2330 te
2436 2268 2725 2349 praetore

585 2367 1042 2454 alligabantur,
1096 2358 1231 2432 eius
1285 2368 1598 2455 religione
1652 2374 1718 2434 te
1767 2368 1998 2436 Siculis
2055 2371 2419 2437 devinctum
2466 2370 2723 2436 adstric-

585 2479 853 2559 tumque
929 2474 1252 2540 dedamUS.
1370 2475 1467 2541 Ac
1548 2477 1757 2560 primo
1769 2526 1787 2561 ,
1867 2479 2138 2563 iudices,
2209 2480 2350 2544 hoc
2423 2478 2718 2563 signum

584 2582 914 2646 Mercuri
988 2582 1295 2647 dicebat
1367 2585 1517 2648 iste
1593 2584 2163 2668 Tyndaritanos
2238 2586 2322 2650 M.
2360 2584 2719 2650 Marcello
2749 2600 2804 2639 20

583 2688 761 2752 huic
794 2686 1220 2754 Aesernino
1260 2690 1728 2775 vendidisse,
1766 2695 1958 2776 atque
1995 2693 2120 2758 hoc
2157 2715 2272 2758 sua
2309 2715 2500 2759 causa
2536 2692 2725 2757 etiam

583 2794 668 2858 M.
704 2793 1082 2860 Marcellum
1127 2796 1340 2879 ipsum
1389 2798 1688 2881 sperabat
1743 2819 1881 2863 esse
1937 2800 2286 2885 dicturum3
2342 2799 2511 2883 quod
2568 2796 2726 2862 mihi

583 2924 938 2986 numquam
994 2903 1128 2967 veri
1183 2903 1392 2968 simile
1445 2903 1657 2968 visum
1715 2910 1839 2989 est,
1894 2907 2364 2972 adulescentem
2426 2906 2537 2971 illo
2583 2906 2725 2970 loco

583 3014 836 3094 natum,
889 3014 1234 3094 patronum
1290 3009 1574 3094 Siciliae,
1629 3034 1868 3077 nomen
1922 3035 2110 3077 suum
2166 3014 2274 3078 isti
2330 3014 2409 3077 ad
2465 3002 2728 3078 transla-

584 3118 827 3182 tionem
886 3118 1168 3182 criminis
1230 3119 1806 3184 commodaturum.
1880 3119 2122 3185 Verum
2168 3124 2386 3184 tamen
2431 3120 2523 3183 ita
2568 3117 2727 3182 mihi
2756 3135 2809 3175 25

585 3246 684 3288 res
732 3227 872 3287 tota
917 3225 1175 3308 provisa
1221 3228 1413 3309 atque
1458 3230 1802 3310 praecauta
1843 3231 1966 3310 est,
2012 3231 2112 3310 ut,
2159 3226 2213 3291 si
2249 3226 2527 3290 maxime
2564 3228 2731 3290 esset

586 3324 924 3412 inventus,
978 3331 1089 3414 qui
1151 3331 1219 3394 in
1284 3352 1350 3395 se
1414 3333 1736 3417 suscipere
1800 3334 1985 3398 istius
2053 3334 2307 3417 culpam
2364 3333 2731 3415 crimenque

589 3440 876 3521 cuperet,
930 3439 1147 3501 tamen
1201 3437 1255 3501 is
1310 3440 1622 3522 proficere
1676 3440 1840 3504 nihil
1892 3445 2128 3523 posset.
2220 3440 2351 3504 Eos
2410 3439 2579 3502 enim
2628 3438 2730 3501 de-

587 3543 739 3609 duxi
798 3547 995 3608 testes
1058 3549 1123 3609 et
1178 3567 1282 3610 eas
1337 3545 1585 3610 litteras
1644 3545 2001 3630 deportavi,
2054 3548 2128 3608 ut
2183 3544 2260 3607 de
2315 3544 2500 3610 istius
2556 3546 2728 3609 facto

517 3669 546 3715 2
588 3652 855 3716 dubium
921 3673 1059 3715 esse
1121 3652 1362 3717 nemini
1437 3654 1660 3736 possit.
1752 3651 2115 3716 Publicae
2177 3650 2490 3716 litterae
2555 3653 2731 3717 sunt
2759 3668 2813 3708 80

587 3761 1076 3842 deportatum
1148 3758 1609 3823 Mercurium
1683 3780 1844 3824 esse
1917 3757 2339 3822 Messanam
2426 3762 2730 3842 sumptu

584 3864 930 3950 publico3
976 3864 1217 3950 dicent,
1266 3865 1516 3949 quanti3
1570 3864 1923 3949 praefuisse
1967 3865 2119 3930 huic
2165 3866 2427 3949 negotio
2475 3865 2730 3948 publice

584 3973 872 4059 legatum
920 3970 1199 4037 Poleam.
1286 3972 1496 4050 Quid?
1577 3971 1640 4037 Is
1687 3973 1800 4037 ubi
1847 3973 1986 4037 est?
2067 3970 2330 4037 Praesto
2380 3975 2502 4054 est,
2547 3970 2727 4034 testis

587 4084 699 4145 est.
792 4079 1102 4165 Proagori
1150 4079 1407 4163 Sopatri
1452 4079 1648 4145 iussu.
1732 4079 1889 4156 Quis
1938 4083 2035 4143 est
2080 4078 2227 4142 hic‘?
2310 4077 2437 4154 Qui
2482 4076 2560 4141 ad
2607 4079 2729 4140 sta-

583 4192 763 4252 tuam
803 4187 1143 4251 adstrictus
1182 4191 1294 4251 est.
1370 4184 1583 4262 Quid?
1655 4184 1718 4249 Is
1760 4185 1872 4248 ubi
1912 4185 2050 4249 est‘?
2094 4184 2364 4249 Vidistis
2402 4184 2729 4249 hominem
2760 4201 2811 4241 35
