<?xml version="1.0" encoding="UTF-8"?>
<!DOCTYPE html PUBLIC "-//W3C//DTD XHTML 1.0 Transitional//EN"
    "http://www.w3.org/TR/xhtml1/DTD/xhtml1-transitional.dtd">
<html xmlns="http://www.w3.org/1999/xhtml" xml:lang="en" lang="en">
 <head>
  <title>
</title>
<meta http-equiv="Content-Type" content="text/html;charset=utf-8" />
  <meta name='ocr-system' content='tesseract 3.04.00' />
  <meta name='ocr-capabilities' content='ocr_page ocr_carea ocr_par ocr_line ocrx_word'/>
</head>
<body>
  <div class='ocr_page' id='page_1' title='image "./cicerosverrinen00bardgoog_0116.png"; bbox 0 0 3175 4800; ppageno 0'>
   <div class='ocr_carea' id='block_1_1' title="bbox 413 1803 514 1852">
    <p class='ocr_par' dir='ltr' id='par_1_1' title="bbox 413 1803 514 1852">
     <span class='ocr_line' id='line_1_1' title="bbox 413 1803 514 1852; baseline 0.01 -1"><span class='ocrx_word' id='word_1_1' title='bbox 413 1803 514 1852; x_wconf 86' lang='lat'>104</span> 
     </span>
    </p>
   </div>
   <div class='ocr_carea' id='block_1_2' title="bbox 418 3089 519 3138">
    <p class='ocr_par' dir='ltr' id='par_1_2' title="bbox 418 3089 519 3138">
     <span class='ocr_line' id='line_1_2' title="bbox 418 3089 519 3138; baseline 0 -1"><span class='ocrx_word' id='word_1_2' title='bbox 418 3089 519 3138; x_wconf 84' lang='lat'>105</span> 
     </span>
    </p>
   </div>
   <div class='ocr_carea' id='block_1_3' title="bbox 552 338 2095 409">
    <p class='ocr_par' dir='ltr' id='par_1_3' title="bbox 552 338 2095 409">
     <span class='ocr_line' id='line_1_3' title="bbox 552 338 2095 409; baseline -0.005 -9"><span class='ocrx_word' id='word_1_3' title='bbox 552 343 679 409; x_wconf 78' lang='grc'>102</span> <span class='ocrx_word' id='word_1_4' title='bbox 1144 339 1238 393; x_wconf 89' lang='lat' dir='ltr'>IV.</span> <span class='ocrx_word' id='word_1_5' title='bbox 1278 340 1360 394; x_wconf 91' lang='lat' dir='ltr'>De</span> <span class='ocrx_word' id='word_1_6' title='bbox 1399 339 1709 408; x_wconf 87' lang='lat' dir='ltr'>suppliciis.</span> <span class='ocrx_word' id='word_1_7' title='bbox 1770 338 2095 409; x_wconf 85' lang='lat' dir='ltr'>(Auswahl.)</span> 
     </span>
    </p>
   </div>
   <div class='ocr_carea' id='block_1_4' title="bbox 546 502 2791 4227">
    <p class='ocr_par' dir='ltr' id='par_1_4' title="bbox 546 502 2791 4227">
     <span class='ocr_line' id='line_1_4' title="bbox 546 502 2698 588; baseline -0 -20"><span class='ocrx_word' id='word_1_8' title='bbox 546 504 826 588; x_wconf 74' lang='lat' dir='ltr'>futuraS,</span> <span class='ocrx_word' id='word_1_9' title='bbox 886 504 1075 569; x_wconf 88' lang='lat' dir='ltr'>etiam</span> <span class='ocrx_word' id='word_1_10' title='bbox 1137 505 1283 588; x_wconf 91' lang='lat' dir='ltr'>plus</span> <span class='ocrx_word' id='word_1_11' title='bbox 1336 526 1428 567; x_wconf 86' lang='lat' dir='ltr'>ex</span> <span class='ocrx_word' id='word_1_12' title='bbox 1479 503 1680 567; x_wconf 86' lang='lat' dir='ltr'>nimia</span> <span class='ocrx_word' id='word_1_13' title='bbox 1734 503 2045 586; x_wconf 89' lang='lat' dir='ltr'>praetoris</span> <span class='ocrx_word' id='word_1_14' title='bbox 2104 502 2439 588; x_wconf 74' lang='lat' dir='ltr'>diligentia</span> <span class='ocrx_word' id='word_1_15' title='bbox 2492 503 2698 587; x_wconf 92' lang='lat' dir='ltr'>suspi-</span> 
     </span>
     <span class='ocr_line' id='line_1_5' title="bbox 550 609 2700 675; baseline -0 0"><span class='ocrx_word' id='word_1_16' title='bbox 550 611 751 675; x_wconf 91' lang='lat' dir='ltr'>cionis</span> <span class='ocrx_word' id='word_1_17' title='bbox 798 611 868 675; x_wconf 90' lang='lat' dir='ltr'>in</span> <span class='ocrx_word' id='word_1_18' title='bbox 914 633 988 675; x_wconf 94' lang='lat' dir='ltr'>eo</span> <span class='ocrx_word' id='word_1_19' title='bbox 1038 609 1301 675; x_wconf 90' lang='lat' dir='ltr'>crimine</span> <span class='ocrx_word' id='word_1_20' title='bbox 1346 610 1655 675; x_wconf 86' lang='lat' dir='ltr'>futurum.</span> <span class='ocrx_word' id='word_1_21' title='bbox 1728 609 1865 674; x_wconf 89' lang='lat' dir='ltr'>Iam</span> <span class='ocrx_word' id='word_1_22' title='bbox 1902 610 2024 674; x_wconf 89' lang='lat' dir='ltr'>iste</span> <span class='ocrx_word' id='word_1_23' title='bbox 2072 613 2207 674; x_wconf 91' lang='lat' dir='ltr'>erat</span> <span class='ocrx_word' id='word_1_24' title='bbox 2252 610 2373 675; x_wconf 89' lang='lat' dir='ltr'>hac</span> <span class='ocrx_word' id='word_1_25' title='bbox 2421 610 2700 674; x_wconf 89' lang='lat' dir='ltr'>stultitia</span> 
     </span>
     <span class='ocr_line' id='line_1_6' title="bbox 549 717 2717 801; baseline 0.002 -20"><span class='ocrx_word' id='word_1_26' title='bbox 549 718 770 782; x_wconf 91' lang='lat' dir='ltr'>multis</span> <span class='ocrx_word' id='word_1_27' title='bbox 818 718 885 781; x_wconf 91' lang='lat' dir='ltr'>in</span> <span class='ocrx_word' id='word_1_28' title='bbox 931 718 1122 782; x_wconf 92' lang='lat' dir='ltr'>rebus</span> <span class='ocrx_word' id='word_1_29' title='bbox 1171 738 1353 800; x_wconf 90' lang='lat' dir='ltr'>usus,</span> <span class='ocrx_word' id='word_1_30' title='bbox 1398 722 1472 782; x_wconf 92' lang='lat' dir='ltr'>ut</span> <span class='ocrx_word' id='word_1_31' title='bbox 1518 717 1776 801; x_wconf 91' lang='lat' dir='ltr'>publice</span> <span class='ocrx_word' id='word_1_32' title='bbox 1826 738 2111 800; x_wconf 90' lang='lat' dir='ltr'>quoque,</span> <span class='ocrx_word' id='word_1_33' title='bbox 2159 738 2321 799; x_wconf 87' lang='lat' dir='ltr'>quae</span> <span class='ocrx_word' id='word_1_34' title='bbox 2359 717 2581 800; x_wconf 82' lang='lat' dir='ltr'>vellet,</span> <span class='ocrx_word' id='word_1_35' title='bbox 2628 717 2717 787; x_wconf 89' lang='lat' dir='ltr'>in.</span> 
     </span>
     <span class='ocr_line' id='line_1_7' title="bbox 548 824 2698 908; baseline 0 -21"><span class='ocrx_word' id='word_1_36' title='bbox 548 824 764 889; x_wconf 88' lang='lat' dir='ltr'>littera</span> <span class='ocrx_word' id='word_1_37' title='bbox 841 824 1175 889; x_wconf 85' lang='lat' dir='ltr'>civitatum</span> <span class='ocrx_word' id='word_1_38' title='bbox 1251 824 1475 889; x_wconf 88' lang='lat' dir='ltr'>referri</span> <span class='ocrx_word' id='word_1_39' title='bbox 1551 825 1827 908; x_wconf 84' lang='lat' dir='ltr'>iuberet3</span> <span class='ocrx_word' id='word_1_40' title='bbox 1908 844 2095 905; x_wconf 90' lang='lat' dir='ltr'>quae</span> <span class='ocrx_word' id='word_1_41' title='bbox 2172 824 2422 888; x_wconf 91' lang='lat' dir='ltr'>omnia</span> <span class='ocrx_word' id='word_1_42' title='bbox 2497 846 2698 888; x_wconf 91' lang='lat' dir='ltr'>nunc</span> 
     </span>
     <span class='ocr_line' id='line_1_8' title="bbox 548 929 2754 1017; baseline -0 -23"><span class='ocrx_word' id='word_1_43' title='bbox 548 931 948 1017; x_wconf 89' lang='lat' dir='ltr'>intellegit</span> <span class='ocrx_word' id='word_1_44' title='bbox 1032 929 1186 995; x_wconf 83' lang='lat' dir='ltr'>sibi</span> <span class='ocrx_word' id='word_1_45' title='bbox 1268 930 1467 995; x_wconf 88' lang='lat' dir='ltr'>nihil</span> <span class='ocrx_word' id='word_1_46' title='bbox 1547 932 1937 1016; x_wconf 81' lang='lat' dir='ltr'>prodesse,</span> <span class='ocrx_word' id='word_1_47' title='bbox 2009 933 2431 1014; x_wconf 76' lang='lat' dir='ltr'>posteaquam</span> <span class='ocrx_word' id='word_1_48' title='bbox 2507 930 2696 996; x_wconf 88' lang='lat' dir='ltr'>certis</span> <span class='ocrx_word' id='word_1_49' title='bbox 2729 953 2754 993; x_wconf 83' lang='lat'><strong>5</strong></span> 
     </span>
     <span class='ocr_line' id='line_1_9' title="bbox 547 1037 2699 1122; baseline 0.001 -21"><span class='ocrx_word' id='word_1_50' title='bbox 547 1038 810 1122; x_wconf 91' lang='lat' dir='ltr'>litteris,</span> <span class='ocrx_word' id='word_1_51' title='bbox 868 1038 1142 1103; x_wconf 90' lang='lat' dir='ltr'>testibus</span> <span class='ocrx_word' id='word_1_52' title='bbox 1205 1038 1825 1122; x_wconf 74' lang='lat' dir='ltr'>auctoritatibusque</span> <span class='ocrx_word' id='word_1_53' title='bbox 1886 1037 2304 1103; x_wconf 81' lang='lat' dir='ltr'>convincitur.</span> <span class='ocrx_word' id='word_1_54' title='bbox 2395 1038 2530 1103; x_wconf 90' lang='lat' dir='ltr'>Ubi</span> <span class='ocrx_word' id='word_1_55' title='bbox 2573 1038 2699 1103; x_wconf 89' lang='lat' dir='ltr'>hoc</span> 
     </span>
     <span class='ocr_line' id='line_1_10' title="bbox 549 1144 2698 1229; baseline 0 -21"><span class='ocrx_word' id='word_1_56' title='bbox 549 1145 752 1229; x_wconf 83' lang='lat' dir='ltr'>videt,</span> <span class='ocrx_word' id='word_1_57' title='bbox 796 1145 1057 1210; x_wconf 91' lang='lat' dir='ltr'>illorum</span> <span class='ocrx_word' id='word_1_58' title='bbox 1088 1144 1585 1229; x_wconf 86' lang='lat' dir='ltr'>confessionem,</span> <span class='ocrx_word' id='word_1_59' title='bbox 1631 1145 2152 1210; x_wconf 90' lang='lat' dir='ltr'>testificationem</span> <span class='ocrx_word' id='word_1_60' title='bbox 2182 1167 2392 1229; x_wconf 90' lang='lat' dir='ltr'>suam,</span> <span class='ocrx_word' id='word_1_61' title='bbox 2428 1146 2698 1210; x_wconf 90' lang='lat' dir='ltr'>tabellas</span> 
     </span>
     <span class='ocr_line' id='line_1_11' title="bbox 551 1251 2700 1337; baseline 0 -22"><span class='ocrx_word' id='word_1_62' title='bbox 551 1252 675 1316; x_wconf 91' lang='lat' dir='ltr'>sibi</span> <span class='ocrx_word' id='word_1_63' title='bbox 719 1254 900 1316; x_wconf 92' lang='lat' dir='ltr'>nullo</span> <span class='ocrx_word' id='word_1_64' title='bbox 949 1252 1320 1317; x_wconf 89' lang='lat' dir='ltr'>adiumento</span> <span class='ocrx_word' id='word_1_65' title='bbox 1368 1252 1649 1335; x_wconf 87' lang='lat' dir='ltr'>futuras,</span> <span class='ocrx_word' id='word_1_66' title='bbox 1710 1251 1829 1316; x_wconf 90' lang='lat' dir='ltr'>init</span> <span class='ocrx_word' id='word_1_67' title='bbox 1877 1253 2216 1317; x_wconf 90' lang='lat' dir='ltr'>consilium</span> <span class='ocrx_word' id='word_1_68' title='bbox 2263 1274 2398 1317; x_wconf 92' lang='lat' dir='ltr'>non</span> <span class='ocrx_word' id='word_1_69' title='bbox 2443 1253 2700 1337; x_wconf 88' lang='lat' dir='ltr'>inprobi</span> 
     </span>
     <span class='ocr_line' id='line_1_12' title="bbox 547 1357 2699 1445; baseline 0 -22"><span class='ocrx_word' id='word_1_70' title='bbox 547 1360 860 1442; x_wconf 88' lang='lat' dir='ltr'>praetoris</span> <span class='ocrx_word' id='word_1_71' title='bbox 912 1357 1091 1445; x_wconf 87' lang='lat' dir='ltr'>(nam</span> <span class='ocrx_word' id='word_1_72' title='bbox 1138 1359 1206 1423; x_wconf 92' lang='lat' dir='ltr'>id</span> <span class='ocrx_word' id='word_1_73' title='bbox 1254 1358 1514 1441; x_wconf 90' lang='lat' dir='ltr'>quidem</span> <span class='ocrx_word' id='word_1_74' title='bbox 1562 1361 1732 1423; x_wconf 90' lang='lat' dir='ltr'>esset</span> <span class='ocrx_word' id='word_1_75' title='bbox 1777 1357 2162 1445; x_wconf 80' lang='lat' dir='ltr'>ferendum),</span> <span class='ocrx_word' id='word_1_76' title='bbox 2210 1361 2322 1425; x_wconf 90' lang='lat' dir='ltr'>sed</span> <span class='ocrx_word' id='word_1_77' title='bbox 2366 1360 2699 1444; x_wconf 85' lang='lat' dir='ltr'>inportuni</span> 
     </span>
     <span class='ocr_line' id='line_1_13' title="bbox 550 1465 2785 1551; baseline -0.002 -20"><span class='ocrx_word' id='word_1_78' title='bbox 550 1470 743 1550; x_wconf 89' lang='lat' dir='ltr'>atque</span> <span class='ocrx_word' id='word_1_79' title='bbox 791 1466 1062 1531; x_wconf 90' lang='lat' dir='ltr'>amentis</span> <span class='ocrx_word' id='word_1_80' title='bbox 1109 1466 1398 1551; x_wconf 78' lang='lat' dir='ltr'>tyranni3</span> <span class='ocrx_word' id='word_1_81' title='bbox 1454 1466 1763 1550; x_wconf 87' lang='lat' dir='ltr'>statuit,</span> <span class='ocrx_word' id='word_1_82' title='bbox 1809 1466 1864 1530; x_wconf 91' lang='lat' dir='ltr'>si</span> <span class='ocrx_word' id='word_1_83' title='bbox 1909 1467 2034 1531; x_wconf 87' lang='lat' dir='ltr'>hoc</span> <span class='ocrx_word' id='word_1_84' title='bbox 2082 1465 2323 1531; x_wconf 80' lang='lat' dir='ltr'>crimen</span> <span class='ocrx_word' id='word_1_85' title='bbox 2370 1467 2700 1532; x_wconf 88' lang='lat' dir='ltr'>extenuari</span> <span class='ocrx_word' id='word_1_86' title='bbox 2730 1490 2785 1528; x_wconf 87' lang='lat'>10</span> 
     </span>
     <span class='ocr_line' id='line_1_14' title="bbox 549 1571 2701 1660; baseline 0 -22"><span class='ocrx_word' id='word_1_87' title='bbox 549 1575 745 1638; x_wconf 79' lang='lat' dir='ltr'>vellet</span> <span class='ocrx_word' id='word_1_88' title='bbox 805 1572 983 1660; x_wconf 88' lang='lat' dir='ltr'>(nam</span> <span class='ocrx_word' id='word_1_89' title='bbox 1042 1573 1303 1638; x_wconf 92' lang='lat' dir='ltr'>omnino</span> <span class='ocrx_word' id='word_1_90' title='bbox 1365 1571 1510 1637; x_wconf 87' lang='lat' dir='ltr'>tolli</span> <span class='ocrx_word' id='word_1_91' title='bbox 1565 1593 1756 1656; x_wconf 90' lang='lat' dir='ltr'>posse</span> <span class='ocrx_word' id='word_1_92' title='bbox 1801 1595 1936 1637; x_wconf 92' lang='lat' dir='ltr'>non</span> <span class='ocrx_word' id='word_1_93' title='bbox 1982 1572 2462 1660; x_wconf 85' lang='lat' dir='ltr'>arbitrabatur),</span> <span class='ocrx_word' id='word_1_94' title='bbox 2519 1597 2701 1638; x_wconf 91' lang='lat' dir='ltr'>nau·</span> 
     </span>
     <span class='ocr_line' id='line_1_15' title="bbox 553 1680 2700 1765; baseline 0 -20"><span class='ocrx_word' id='word_1_95' title='bbox 553 1680 823 1746; x_wconf 88' lang='lat' dir='ltr'>archos</span> <span class='ocrx_word' id='word_1_96' title='bbox 864 1680 1139 1764; x_wconf 92' lang='lat' dir='ltr'>omnis,</span> <span class='ocrx_word' id='word_1_97' title='bbox 1183 1680 1366 1745; x_wconf 87' lang='lat' dir='ltr'>testis</span> <span class='ocrx_word' id='word_1_98' title='bbox 1407 1680 1507 1744; x_wconf 90' lang='lat' dir='ltr'>sui</span> <span class='ocrx_word' id='word_1_99' title='bbox 1546 1680 1831 1764; x_wconf 89' lang='lat' dir='ltr'>sceleris,</span> <span class='ocrx_word' id='word_1_100' title='bbox 1867 1681 2029 1745; x_wconf 83' lang='lat' dir='ltr'>vita</span> <span class='ocrx_word' id='word_1_101' title='bbox 2067 1702 2231 1744; x_wconf 88' lang='lat' dir='ltr'>esse</span> <span class='ocrx_word' id='word_1_102' title='bbox 2267 1682 2700 1765; x_wconf 78' lang='lat' dir='ltr'>privandos.</span> 
     </span>
     <span class='ocr_line' id='line_1_16' title="bbox 553 1786 2701 1865; baseline 0 -13"><span class='ocrx_word' id='word_1_103' title='bbox 553 1786 942 1852; x_wconf 79' lang='lat' dir='ltr'>Occurrebat</span> <span class='ocrx_word' id='word_1_104' title='bbox 1000 1788 1113 1851; x_wconf 91' lang='lat' dir='ltr'>illa</span> <span class='ocrx_word' id='word_1_105' title='bbox 1168 1788 1361 1852; x_wconf 88' lang='lat' dir='ltr'>ratio:</span> <span class='ocrx_word' id='word_1_106' title='bbox 1444 1786 1640 1865; x_wconf 76' lang='lat' dir='ltr'>‘Quid</span> <span class='ocrx_word' id='word_1_107' title='bbox 1687 1786 2026 1852; x_wconf 84' lang='lat' dir='ltr'>Cleomene</span> <span class='ocrx_word' id='word_1_108' title='bbox 2072 1787 2229 1851; x_wconf 77' lang='lat' dir='ltr'>fiet?</span> <span class='ocrx_word' id='word_1_109' title='bbox 2318 1787 2701 1852; x_wconf 88' lang='lat' dir='ltr'>Poterone</span> 
     </span>
     <span class='ocr_line' id='line_1_17' title="bbox 554 1894 2700 1979; baseline 0 -21"><span class='ocrx_word' id='word_1_110' title='bbox 554 1894 883 1958; x_wconf 92' lang='lat' dir='ltr'>animum</span> <span class='ocrx_word' id='word_1_111' title='bbox 944 1894 1342 1958; x_wconf 86' lang='lat' dir='ltr'>advertere</span> <span class='ocrx_word' id='word_1_112' title='bbox 1404 1894 1481 1958; x_wconf 90' lang='lat' dir='ltr'>in</span> <span class='ocrx_word' id='word_1_113' title='bbox 1541 1916 1696 1978; x_wconf 75' lang='lat' dir='ltr'>eOS,</span> <span class='ocrx_word' id='word_1_114' title='bbox 1759 1915 1917 1979; x_wconf 89' lang='lat' dir='ltr'>quos</span> <span class='ocrx_word' id='word_1_115' title='bbox 1967 1895 2138 1960; x_wconf 92' lang='lat' dir='ltr'>dicto</span> <span class='ocrx_word' id='word_1_116' title='bbox 2188 1894 2515 1959; x_wconf 88' lang='lat' dir='ltr'>audientes</span> <span class='ocrx_word' id='word_1_117' title='bbox 2563 1916 2700 1959; x_wconf 90' lang='lat' dir='ltr'>esse</span> 
     </span>
     <span class='ocr_line' id='line_1_18' title="bbox 553 1999 2781 2085; baseline -0.001 -20"><span class='ocrx_word' id='word_1_118' title='bbox 553 2001 738 2083; x_wconf 90' lang='lat' dir='ltr'>iussi,</span> <span class='ocrx_word' id='word_1_119' title='bbox 794 1999 1062 2065; x_wconf 92' lang='lat' dir='ltr'>missum</span> <span class='ocrx_word' id='word_1_120' title='bbox 1108 2001 1317 2066; x_wconf 87' lang='lat' dir='ltr'>facere</span> <span class='ocrx_word' id='word_1_121' title='bbox 1365 2023 1539 2084; x_wconf 90' lang='lat' dir='ltr'>eum,</span> <span class='ocrx_word' id='word_1_122' title='bbox 1598 2001 1751 2085; x_wconf 91' lang='lat' dir='ltr'>quoi</span> <span class='ocrx_word' id='word_1_123' title='bbox 1796 2005 2185 2085; x_wconf 89' lang='lat' dir='ltr'>potestatem</span> <span class='ocrx_word' id='word_1_124' title='bbox 2232 2001 2697 2085; x_wconf 89' lang='lat' dir='ltr'>imperiumque</span> <span class='ocrx_word' id='word_1_125' title='bbox 2727 2022 2781 2062; x_wconf 87' lang='lat'>15</span> 
     </span>
     <span class='ocr_line' id='line_1_19' title="bbox 553 2106 2700 2193; baseline 0 -21"><span class='ocrx_word' id='word_1_126' title='bbox 553 2107 858 2192; x_wconf 76' lang='lat' dir='ltr'>permisi?</span> <span class='ocrx_word' id='word_1_127' title='bbox 929 2106 1318 2173; x_wconf 92' lang='lat' dir='ltr'>Poterone</span> <span class='ocrx_word' id='word_1_128' title='bbox 1365 2129 1490 2173; x_wconf 90' lang='lat' dir='ltr'>eos</span> <span class='ocrx_word' id='word_1_129' title='bbox 1540 2107 1862 2172; x_wconf 83' lang='lat' dir='ltr'>afficere</span> <span class='ocrx_word' id='word_1_130' title='bbox 1910 2109 2327 2193; x_wconf 84' lang='lat' dir='ltr'>suppliciO,</span> <span class='ocrx_word' id='word_1_131' title='bbox 2372 2108 2483 2192; x_wconf 93' lang='lat' dir='ltr'>qui</span> <span class='ocrx_word' id='word_1_132' title='bbox 2520 2107 2700 2173; x_wconf 92' lang='lat' dir='ltr'>Cleo-</span> 
     </span>
     <span class='ocr_line' id='line_1_20' title="bbox 553 2213 2703 2301; baseline 0 -21"><span class='ocrx_word' id='word_1_133' title='bbox 553 2237 786 2280; x_wconf 90' lang='lat' dir='ltr'>menen</span> <span class='ocrx_word' id='word_1_134' title='bbox 833 2215 1036 2279; x_wconf 90' lang='lat' dir='ltr'>secuti</span> <span class='ocrx_word' id='word_1_135' title='bbox 1075 2219 1256 2298; x_wconf 89' lang='lat' dir='ltr'>sunt,</span> <span class='ocrx_word' id='word_1_136' title='bbox 1300 2215 1635 2301; x_wconf 85' lang='lat' dir='ltr'>ignoscere</span> <span class='ocrx_word' id='word_1_137' title='bbox 1676 2213 2030 2300; x_wconf 83' lang='lat' dir='ltr'>Cleomeni,</span> <span class='ocrx_word' id='word_1_138' title='bbox 2078 2216 2188 2300; x_wconf 91' lang='lat' dir='ltr'>qui</span> <span class='ocrx_word' id='word_1_139' title='bbox 2226 2238 2441 2281; x_wconf 91' lang='lat' dir='ltr'>secum</span> <span class='ocrx_word' id='word_1_140' title='bbox 2478 2215 2703 2300; x_wconf 84' lang='lat' dir='ltr'>fugere</span> 
     </span>
     <span class='ocr_line' id='line_1_21' title="bbox 556 2322 2705 2407; baseline 0 -20"><span class='ocrx_word' id='word_1_141' title='bbox 556 2326 619 2387; x_wconf 92' lang='lat' dir='ltr'>et</span> <span class='ocrx_word' id='word_1_142' title='bbox 649 2344 715 2386; x_wconf 89' lang='lat' dir='ltr'>se</span> <span class='ocrx_word' id='word_1_143' title='bbox 746 2322 1054 2406; x_wconf 91' lang='lat' dir='ltr'>consequi</span> <span class='ocrx_word' id='word_1_144' title='bbox 1082 2322 1313 2387; x_wconf 79' lang='lat' dir='ltr'>iussit?</span> <span class='ocrx_word' id='word_1_145' title='bbox 1371 2322 1753 2387; x_wconf 89' lang='lat' dir='ltr'>Poterone</span> <span class='ocrx_word' id='word_1_146' title='bbox 1792 2344 1955 2387; x_wconf 89' lang='lat' dir='ltr'>esse</span> <span class='ocrx_word' id='word_1_147' title='bbox 1991 2324 2069 2387; x_wconf 92' lang='lat' dir='ltr'>in</span> <span class='ocrx_word' id='word_1_148' title='bbox 2107 2345 2232 2388; x_wconf 89' lang='lat' dir='ltr'>eos</span> <span class='ocrx_word' id='word_1_149' title='bbox 2270 2323 2705 2407; x_wconf 79' lang='lat' dir='ltr'>vehemens,</span> 
     </span>
     <span class='ocr_line' id='line_1_22' title="bbox 556 2429 2706 2516; baseline 0 -21"><span class='ocrx_word' id='word_1_150' title='bbox 556 2430 668 2514; x_wconf 91' lang='lat' dir='ltr'>qui</span> <span class='ocrx_word' id='word_1_151' title='bbox 713 2431 894 2495; x_wconf 78' lang='lat' dir='ltr'>navis</span> <span class='ocrx_word' id='word_1_152' title='bbox 943 2453 1077 2495; x_wconf 92' lang='lat' dir='ltr'>non</span> <span class='ocrx_word' id='word_1_153' title='bbox 1121 2431 1315 2495; x_wconf 92' lang='lat' dir='ltr'>modo</span> <span class='ocrx_word' id='word_1_154' title='bbox 1354 2430 1574 2494; x_wconf 88' lang='lat' dir='ltr'>inanes</span> <span class='ocrx_word' id='word_1_155' title='bbox 1612 2429 2005 2515; x_wconf 88' lang='lat' dir='ltr'>habuerunt,</span> <span class='ocrx_word' id='word_1_156' title='bbox 2052 2433 2161 2496; x_wconf 91' lang='lat' dir='ltr'>sed</span> <span class='ocrx_word' id='word_1_157' title='bbox 2201 2432 2394 2497; x_wconf 89' lang='lat' dir='ltr'>etiam</span> <span class='ocrx_word' id='word_1_158' title='bbox 2434 2436 2706 2516; x_wconf 76' lang='lat' dir='ltr'>apertaS,</span> 
     </span>
     <span class='ocr_line' id='line_1_23' title="bbox 553 2536 2786 2621; baseline 0.001 -20"><span class='ocrx_word' id='word_1_159' title='bbox 553 2538 623 2601; x_wconf 92' lang='lat' dir='ltr'>in</span> <span class='ocrx_word' id='word_1_160' title='bbox 680 2561 826 2601; x_wconf 93' lang='lat' dir='ltr'>eum</span> <span class='ocrx_word' id='word_1_161' title='bbox 874 2537 1253 2621; x_wconf 88' lang='lat' dir='ltr'>dissolutus,</span> <span class='ocrx_word' id='word_1_162' title='bbox 1310 2538 1421 2621; x_wconf 89' lang='lat' dir='ltr'>qui</span> <span class='ocrx_word' id='word_1_163' title='bbox 1468 2538 1643 2602; x_wconf 89' lang='lat' dir='ltr'>solus</span> <span class='ocrx_word' id='word_1_164' title='bbox 1689 2536 1989 2602; x_wconf 88' lang='lat' dir='ltr'>habuerit</span> <span class='ocrx_word' id='word_1_165' title='bbox 2036 2542 2429 2604; x_wconf 87' lang='lat' dir='ltr'>constratam</span> <span class='ocrx_word' id='word_1_166' title='bbox 2474 2562 2704 2605; x_wconf 79' lang='lat' dir='ltr'>navem</span> <span class='ocrx_word' id='word_1_167' title='bbox 2733 2559 2786 2598; x_wconf 78' lang='lat'>2⁰</span> 
     </span>
     <span class='ocr_line' id='line_1_24' title="bbox 557 2643 2706 2729; baseline 0.001 -20"><span class='ocrx_word' id='word_1_168' title='bbox 557 2650 621 2709; x_wconf 90' lang='lat' dir='ltr'>et</span> <span class='ocrx_word' id='word_1_169' title='bbox 659 2645 871 2708; x_wconf 91' lang='lat' dir='ltr'>minus</span> <span class='ocrx_word' id='word_1_170' title='bbox 919 2644 1357 2708; x_wconf 77' lang='lat' dir='ltr'>exinanitam?</span> <span class='ocrx_word' id='word_1_171' title='bbox 1419 2643 1648 2708; x_wconf 86' lang='lat' dir='ltr'>Pereat</span> <span class='ocrx_word' id='word_1_172' title='bbox 1687 2644 2058 2709; x_wconf 81' lang='lat' dir='ltr'>Cleomenes</span> <span class='ocrx_word' id='word_1_173' title='bbox 2106 2645 2283 2709; x_wconf 77' lang='lat' dir='ltr'>unal’</span> <span class='ocrx_word' id='word_1_174' title='bbox 2348 2645 2482 2711; x_wconf 89' lang='lat' dir='ltr'>Ubi</span> <span class='ocrx_word' id='word_1_175' title='bbox 2527 2646 2706 2729; x_wconf 80' lang='lat' dir='ltr'>fides,</span> 
     </span>
     <span class='ocr_line' id='line_1_25' title="bbox 556 2751 2704 2836; baseline -0 -20"><span class='ocrx_word' id='word_1_176' title='bbox 556 2752 678 2836; x_wconf 11' lang='lat' dir='ltr'>ubi*</span> <span class='ocrx_word' id='word_1_177' title='bbox 735 2751 1199 2836; x_wconf 80' lang='lat' dir='ltr'>execrationeS,</span> <span class='ocrx_word' id='word_1_178' title='bbox 1262 2752 1377 2816; x_wconf 89' lang='lat' dir='ltr'>ubi</span> <span class='ocrx_word' id='word_1_179' title='bbox 1441 2752 1739 2816; x_wconf 83' lang='lat' dir='ltr'>dexterae</span> <span class='ocrx_word' id='word_1_180' title='bbox 1806 2752 2312 2836; x_wconf 84' lang='lat' dir='ltr'>conplexusque,</span> <span class='ocrx_word' id='word_1_181' title='bbox 2370 2754 2483 2817; x_wconf 93' lang='lat' dir='ltr'>ubi</span> <span class='ocrx_word' id='word_1_182' title='bbox 2542 2753 2704 2817; x_wconf 90' lang='lat' dir='ltr'>illud</span> 
     </span>
     <span class='ocr_line' id='line_1_26' title="bbox 558 2858 2707 2925; baseline -0 -1"><span class='ocrx_word' id='word_1_183' title='bbox 558 2859 1051 2924; x_wconf 82' lang='lat' dir='ltr'>contubernium</span> <span class='ocrx_word' id='word_1_184' title='bbox 1090 2858 1421 2923; x_wconf 89' lang='lat' dir='ltr'>muliebris</span> <span class='ocrx_word' id='word_1_185' title='bbox 1451 2858 1720 2923; x_wconf 89' lang='lat' dir='ltr'>militiae</span> <span class='ocrx_word' id='word_1_186' title='bbox 1750 2859 1818 2922; x_wconf 92' lang='lat' dir='ltr'>in</span> <span class='ocrx_word' id='word_1_187' title='bbox 1844 2859 1958 2924; x_wconf 92' lang='lat' dir='ltr'>illo</span> <span class='ocrx_word' id='word_1_188' title='bbox 1990 2859 2444 2925; x_wconf 88' lang='lat' dir='ltr'>delicatissimo</span> <span class='ocrx_word' id='word_1_189' title='bbox 2472 2860 2707 2925; x_wconf 77' lang='lat' dir='ltr'>litore?</span> 
     </span>
     <span class='ocr_line' id='line_1_27' title="bbox 555 2964 2704 3050; baseline 0 -20"><span class='ocrx_word' id='word_1_190' title='bbox 555 2966 764 3031; x_wconf 82' lang='lat' dir='ltr'>Fieri</span> <span class='ocrx_word' id='word_1_191' title='bbox 836 2967 1052 3031; x_wconf 93' lang='lat' dir='ltr'>nullo</span> <span class='ocrx_word' id='word_1_192' title='bbox 1127 2965 1347 3030; x_wconf 89' lang='lat' dir='ltr'>modo</span> <span class='ocrx_word' id='word_1_193' title='bbox 1412 2969 1756 3050; x_wconf 91' lang='lat' dir='ltr'>poterat,</span> <span class='ocrx_word' id='word_1_194' title='bbox 1830 2966 2014 3050; x_wconf 90' lang='lat' dir='ltr'>quin</span> <span class='ocrx_word' id='word_1_195' title='bbox 2079 2964 2470 3031; x_wconf 92' lang='lat' dir='ltr'>Cleomeni</span> <span class='ocrx_word' id='word_1_196' title='bbox 2534 2990 2704 3050; x_wconf 90' lang='lat' dir='ltr'>par-</span> 
     </span>
     <span class='ocr_line' id='line_1_28' title="bbox 559 3070 2785 3157; baseline -0.003 -18"><span class='ocrx_word' id='word_1_197' title='bbox 559 3077 874 3139; x_wconf 89' lang='lat' dir='ltr'>ceretur.</span> <span class='ocrx_word' id='word_1_198' title='bbox 958 3073 1167 3139; x_wconf 88' lang='lat' dir='ltr'>Vocat</span> <span class='ocrx_word' id='word_1_199' title='bbox 1207 3070 1619 3157; x_wconf 91' lang='lat' dir='ltr'>Cleomenen,</span> <span class='ocrx_word' id='word_1_200' title='bbox 1667 3072 1822 3138; x_wconf 89' lang='lat' dir='ltr'>dicit</span> <span class='ocrx_word' id='word_1_201' title='bbox 1869 3072 1927 3137; x_wconf 94' lang='lat' dir='ltr'>ei</span> <span class='ocrx_word' id='word_1_202' title='bbox 1974 3094 2041 3136; x_wconf 90' lang='lat' dir='ltr'>se</span> <span class='ocrx_word' id='word_1_203' title='bbox 2080 3073 2379 3137; x_wconf 84' lang='lat' dir='ltr'>statuisse</span> <span class='ocrx_word' id='word_1_204' title='bbox 2416 3072 2702 3136; x_wconf 85' lang='lat' dir='ltr'>animum</span> <span class='ocrx_word' id='word_1_205' title='bbox 2732 3091 2785 3132; x_wconf 83' lang='lat'>25</span> 
     </span>
     <span class='ocr_line' id='line_1_29' title="bbox 559 3179 2703 3264; baseline -0 -19"><span class='ocrx_word' id='word_1_206' title='bbox 559 3182 886 3245; x_wconf 86' lang='lat' dir='ltr'>advertere</span> <span class='ocrx_word' id='word_1_207' title='bbox 948 3180 1016 3244; x_wconf 94' lang='lat' dir='ltr'>in</span> <span class='ocrx_word' id='word_1_208' title='bbox 1077 3180 1283 3245; x_wconf 92' lang='lat' dir='ltr'>omnis</span> <span class='ocrx_word' id='word_1_209' title='bbox 1344 3179 1731 3264; x_wconf 83' lang='lat' dir='ltr'>nauarchos3</span> <span class='ocrx_word' id='word_1_210' title='bbox 1790 3181 1882 3243; x_wconf 91' lang='lat' dir='ltr'>ita</span> <span class='ocrx_word' id='word_1_211' title='bbox 1942 3180 2042 3244; x_wconf 93' lang='lat' dir='ltr'>sui</span> <span class='ocrx_word' id='word_1_212' title='bbox 2102 3180 2369 3263; x_wconf 91' lang='lat' dir='ltr'>periculi</span> <span class='ocrx_word' id='word_1_213' title='bbox 2421 3179 2703 3244; x_wconf 88' lang='lat' dir='ltr'>rationes</span> 
     </span>
     <span class='ocr_line' id='line_1_30' title="bbox 557 3286 2722 3371; baseline 0 -22"><span class='ocrx_word' id='word_1_214' title='bbox 557 3287 722 3350; x_wconf 84' lang='lat' dir='ltr'>ferre</span> <span class='ocrx_word' id='word_1_215' title='bbox 788 3308 861 3350; x_wconf 88' lang='lat' dir='ltr'>ac</span> <span class='ocrx_word' id='word_1_216' title='bbox 924 3288 1270 3370; x_wconf 90' lang='lat' dir='ltr'>postulare.</span> <span class='ocrx_word' id='word_1_217' title='bbox 1363 3286 1533 3352; x_wconf 73' lang='lat' dir='ltr'>‘&#39;I&#39;ibi</span> <span class='ocrx_word' id='word_1_218' title='bbox 1598 3288 1712 3351; x_wconf 92' lang='lat' dir='ltr'>uni</span> <span class='ocrx_word' id='word_1_219' title='bbox 1776 3308 2035 3371; x_wconf 88' lang='lat' dir='ltr'>parcam</span> <span class='ocrx_word' id='word_1_220' title='bbox 2102 3292 2166 3351; x_wconf 91' lang='lat' dir='ltr'>et</span> <span class='ocrx_word' id='word_1_221' title='bbox 2229 3286 2445 3370; x_wconf 91' lang='lat' dir='ltr'>potius</span> <span class='ocrx_word' id='word_1_222' title='bbox 2519 3286 2722 3351; x_wconf 89' lang='lat' dir='ltr'>istius-</span> 
     </span>
     <span class='ocr_line' id='line_1_31' title="bbox 561 3392 2706 3477; baseline 0 -21"><span class='ocrx_word' id='word_1_223' title='bbox 561 3393 785 3476; x_wconf 88' lang='lat' dir='ltr'>culpae</span> <span class='ocrx_word' id='word_1_224' title='bbox 847 3392 1089 3457; x_wconf 92' lang='lat' dir='ltr'>crimen</span> <span class='ocrx_word' id='word_1_225' title='bbox 1133 3393 1800 3477; x_wconf 78' lang='lat' dir='ltr'>vituperationemque</span> <span class='ocrx_word' id='word_1_226' title='bbox 1846 3394 2314 3458; x_wconf 85' lang='lat' dir='ltr'>inconstantiae</span> <span class='ocrx_word' id='word_1_227' title='bbox 2362 3394 2706 3477; x_wconf 89' lang='lat' dir='ltr'>suscipiam</span> 
     </span>
     <span class='ocr_line' id='line_1_32' title="bbox 562 3500 2705 3585; baseline 0 -22"><span class='ocrx_word' id='word_1_228' title='bbox 562 3522 753 3584; x_wconf 88' lang='lat' dir='ltr'>quam</span> <span class='ocrx_word' id='word_1_229' title='bbox 817 3503 929 3564; x_wconf 89' lang='lat' dir='ltr'>aut</span> <span class='ocrx_word' id='word_1_230' title='bbox 988 3500 1057 3564; x_wconf 90' lang='lat' dir='ltr'>in</span> <span class='ocrx_word' id='word_1_231' title='bbox 1115 3505 1180 3564; x_wconf 90' lang='lat' dir='ltr'>te</span> <span class='ocrx_word' id='word_1_232' title='bbox 1242 3501 1364 3565; x_wconf 91' lang='lat' dir='ltr'>sim</span> <span class='ocrx_word' id='word_1_233' title='bbox 1425 3501 1698 3566; x_wconf 88' lang='lat' dir='ltr'>crudelis</span> <span class='ocrx_word' id='word_1_234' title='bbox 1755 3505 1866 3565; x_wconf 91' lang='lat' dir='ltr'>aut</span> <span class='ocrx_word' id='word_1_235' title='bbox 1919 3504 2021 3565; x_wconf 88' lang='lat' dir='ltr'>tot</span> <span class='ocrx_word' id='word_1_236' title='bbox 2073 3505 2207 3564; x_wconf 90' lang='lat' dir='ltr'>tam</span> <span class='ocrx_word' id='word_1_237' title='bbox 2262 3501 2475 3585; x_wconf 83' lang='lat' dir='ltr'>gravis</span> <span class='ocrx_word' id='word_1_238' title='bbox 2521 3500 2705 3564; x_wconf 87' lang='lat' dir='ltr'>testis</span> 
     </span>
     <span class='ocr_line' id='line_1_33' title="bbox 559 3605 2790 3693; baseline -0.004 -20"><span class='ocrx_word' id='word_1_239' title='bbox 559 3608 739 3673; x_wconf 82' lang='lat' dir='ltr'>vivos</span> <span class='ocrx_word' id='word_1_240' title='bbox 813 3609 1295 3692; x_wconf 89' lang='lat' dir='ltr'>incolumesque</span> <span class='ocrx_word' id='word_1_241' title='bbox 1369 3630 1505 3672; x_wconf 88' lang='lat' dir='ltr'>esse</span> <span class='ocrx_word' id='word_1_242' title='bbox 1578 3607 1828 3692; x_wconf 88' lang='lat' dir='ltr'>patiar.’</span> <span class='ocrx_word' id='word_1_243' title='bbox 1948 3607 2107 3693; x_wconf 83' lang='lat' dir='ltr'>Agit</span> <span class='ocrx_word' id='word_1_244' title='bbox 2178 3606 2417 3692; x_wconf 89' lang='lat' dir='ltr'>gratias</span> <span class='ocrx_word' id='word_1_245' title='bbox 2493 3605 2707 3672; x_wconf 90' lang='lat' dir='ltr'>Cleo-</span> <span class='ocrx_word' id='word_1_246' title='bbox 2736 3627 2790 3666; x_wconf 85' lang='lat'>30</span> 
     </span>
     <span class='ocr_line' id='line_1_34' title="bbox 561 3714 2711 3799; baseline 0 -22"><span class='ocrx_word' id='word_1_247' title='bbox 561 3735 842 3796; x_wconf 91' lang='lat' dir='ltr'>menes,</span> <span class='ocrx_word' id='word_1_248' title='bbox 902 3714 1277 3797; x_wconf 87' lang='lat' dir='ltr'>adprobat</span> <span class='ocrx_word' id='word_1_249' title='bbox 1339 3715 1780 3799; x_wconf 89' lang='lat' dir='ltr'>consilium,</span> <span class='ocrx_word' id='word_1_250' title='bbox 1841 3715 1995 3779; x_wconf 89' lang='lat' dir='ltr'>dicit</span> <span class='ocrx_word' id='word_1_251' title='bbox 2052 3714 2144 3778; x_wconf 90' lang='lat' dir='ltr'>ita</span> <span class='ocrx_word' id='word_1_252' title='bbox 2197 3714 2339 3778; x_wconf 89' lang='lat' dir='ltr'>fieri</span> <span class='ocrx_word' id='word_1_253' title='bbox 2396 3717 2711 3798; x_wconf 85' lang='lat' dir='ltr'>oportere,</span> 
     </span>
     <span class='ocr_line' id='line_1_35' title="bbox 563 3820 2708 3907; baseline 0 -23"><span class='ocrx_word' id='word_1_254' title='bbox 563 3820 918 3884; x_wconf 90' lang='lat' dir='ltr'>admonet</span> <span class='ocrx_word' id='word_1_255' title='bbox 977 3824 1231 3884; x_wconf 90' lang='lat' dir='ltr'>tamen</span> <span class='ocrx_word' id='word_1_256' title='bbox 1288 3821 1514 3905; x_wconf 91' lang='lat' dir='ltr'>illud,</span> <span class='ocrx_word' id='word_1_257' title='bbox 1562 3822 1734 3904; x_wconf 92' lang='lat' dir='ltr'>quod</span> <span class='ocrx_word' id='word_1_258' title='bbox 1782 3822 1979 3886; x_wconf 90' lang='lat' dir='ltr'>istum</span> <span class='ocrx_word' id='word_1_259' title='bbox 2025 3821 2308 3907; x_wconf 86' lang='lat' dir='ltr'>fugerat,</span> <span class='ocrx_word' id='word_1_260' title='bbox 2368 3821 2436 3885; x_wconf 92' lang='lat' dir='ltr'>in</span> <span class='ocrx_word' id='word_1_261' title='bbox 2482 3820 2708 3884; x_wconf 87' lang='lat' dir='ltr'>Phala-</span> 
     </span>
     <span class='ocr_line' id='line_1_36' title="bbox 564 3925 2710 4012; baseline -0.001 -20"><span class='ocrx_word' id='word_1_262' title='bbox 564 3949 770 4010; x_wconf 91' lang='lat' dir='ltr'>crum,</span> <span class='ocrx_word' id='word_1_263' title='bbox 826 3925 1314 4011; x_wconf 91' lang='lat' dir='ltr'>Centuripinum</span> <span class='ocrx_word' id='word_1_264' title='bbox 1369 3929 1795 4012; x_wconf 87' lang='lat' dir='ltr'>nauarchum,</span> <span class='ocrx_word' id='word_1_265' title='bbox 1849 3951 1982 3993; x_wconf 93' lang='lat' dir='ltr'>non</span> <span class='ocrx_word' id='word_1_266' title='bbox 2036 3949 2225 4012; x_wconf 91' lang='lat' dir='ltr'>posse</span> <span class='ocrx_word' id='word_1_267' title='bbox 2270 3927 2710 4010; x_wconf 85' lang='lat' dir='ltr'>animadverti,</span> 
     </span>
     <span class='ocr_line' id='line_1_37' title="bbox 562 4034 2710 4118; baseline -0 -20"><span class='ocrx_word' id='word_1_268' title='bbox 562 4037 903 4118; x_wconf 89' lang='lat' dir='ltr'>propterea</span> <span class='ocrx_word' id='word_1_269' title='bbox 949 4035 1120 4117; x_wconf 92' lang='lat' dir='ltr'>quod</span> <span class='ocrx_word' id='word_1_270' title='bbox 1169 4056 1385 4100; x_wconf 90' lang='lat' dir='ltr'>secum</span> <span class='ocrx_word' id='word_1_271' title='bbox 1432 4059 1560 4100; x_wconf 88' lang='lat' dir='ltr'>una</span> <span class='ocrx_word' id='word_1_272' title='bbox 1606 4037 1834 4101; x_wconf 82' lang='lat' dir='ltr'>fuisset</span> <span class='ocrx_word' id='word_1_273' title='bbox 1880 4035 1948 4099; x_wconf 93' lang='lat' dir='ltr'>in</span> <span class='ocrx_word' id='word_1_274' title='bbox 1996 4034 2412 4118; x_wconf 88' lang='lat' dir='ltr'>Centuripina</span> <span class='ocrx_word' id='word_1_275' title='bbox 2460 4034 2710 4117; x_wconf 89' lang='lat' dir='ltr'>quadri-</span> 
     </span>
     <span class='ocr_line' id='line_1_38' title="bbox 561 4140 2791 4227; baseline -0.002 -22"><span class='ocrx_word' id='word_1_276' title='bbox 561 4141 737 4206; x_wconf 88' lang='lat' dir='ltr'>remi.</span> <span class='ocrx_word' id='word_1_277' title='bbox 841 4140 1006 4218; x_wconf 85' lang='lat' dir='ltr'>Quid</span> <span class='ocrx_word' id='word_1_278' title='bbox 1077 4141 1274 4227; x_wconf 79' lang='lat' dir='ltr'>ergo‘?</span> <span class='ocrx_word' id='word_1_279' title='bbox 1372 4141 1501 4206; x_wconf 89' lang='lat' dir='ltr'>Iste</span> <span class='ocrx_word' id='word_1_280' title='bbox 1569 4143 1765 4207; x_wconf 88' lang='lat' dir='ltr'>homo</span> <span class='ocrx_word' id='word_1_281' title='bbox 1838 4166 1917 4207; x_wconf 93' lang='lat' dir='ltr'>ex</span> <span class='ocrx_word' id='word_1_282' title='bbox 1986 4144 2120 4207; x_wconf 91' lang='lat' dir='ltr'>eius</span> <span class='ocrx_word' id='word_1_283' title='bbox 2190 4141 2367 4206; x_wconf 92' lang='lat' dir='ltr'>modi</span> <span class='ocrx_word' id='word_1_284' title='bbox 2433 4140 2712 4223; x_wconf 83' lang='lat' dir='ltr'>civitate,</span> <span class='ocrx_word' id='word_1_285' title='bbox 2740 4160 2791 4201; x_wconf 78' lang='lat'>85</span> 
     </span>
    </p>
   </div>
  </div>
 </body>
</html>
