3175 4800
1481 398 1628 447 48-
1645 399 1727 446 56.
2608 397 2690 461 87

542 559 723 623 clavo
799 559 1054 643 figeret,
1123 578 1269 621 cum
1332 557 1601 621 consilio
1674 576 1931 621 causam
1996 555 2525 621 Mamertinorum
2594 579 2695 622 co-

540 664 795 750 gnoscit
841 669 906 729 et
953 666 1039 729 de
1087 664 1408 729 consilii
1455 663 1845 728 sententia
1889 662 2370 727 Mamertinis
2419 684 2494 727 se
2540 664 2694 728 fru-

540 775 874 836 mentum
934 794 1086 837 non
1146 772 1521 855 imperare
1581 770 1975 855 pronuntiat.
2067 769 2307 835 Audite
2365 770 2692 835 decretum

539 878 957 944 mercennarii
997 879 1313 963 praetoris
1343 900 1424 942 ex
1459 878 1662 962 ipsius
1702 878 2162 943 commentario
2202 881 2267 943 et
2304 879 2695 963 cognoscite,

486 1007 510 1047 ε
541 989 783 1068 quanta
826 986 896 1049 in
942 985 1278 1051 scribendo
1327 985 1609 1070 gravitas
1618 1034 1639 1068 ,
1685 988 1925 1069 quanta
1961 985 2030 1049 in
2068 986 2517 1051 constituendo
2555 986 2693 1050 iure

539 1094 624 1158 sit
681 1093 1047 1158 auctoritas.
1140 1091 1383 1157 Recita.
1486 1090 1999 1157 COMMENTARIUS.
2101 1092 2179 1158 D.
2212 1092 2277 1157 O.
2308 1091 2372 1156 S.
2417 1093 2695 1157 libenter

539 1200 629 1265 ait
684 1221 752 1264 se
807 1200 1015 1265 facere
1070 1201 1288 1282 itaque
1343 1199 1702 1285 perscribit.
1795 1198 1992 1282 Quid,
2047 1199 2101 1264 si
2146 1200 2272 1265 hoc
2318 1200 2514 1264 verbo
2560 1221 2694 1264 non

539 1328 709 1371 esses
755 1328 909 1371 usus
958 1306 1344 1372 ‘libenter'‘?
1414 1306 1553 1372 Nos
1601 1306 1901 1371 videlicet
1937 1307 2213 1371 invitum
2251 1310 2316 1370 te
2355 1310 2691 1388 quaestum

535 1414 744 1479 facere
790 1418 1211 1497 putaremus:
1258 1411 1357 1478 Ac
1395 1413 1413 1442 ²
1430 1415 1506 1478 de
1544 1413 1800 1479 consilii
1838 1413 2217 1479 sententia'!
2283 1412 2691 1477 Praeclarum

457 1540 510 1578 10
536 1521 793 1586 recitari
831 1522 1199 1606 consilium,
1235 1520 1507 1603 iudices,
1544 1520 1841 1603 audistis3
1879 1524 2098 1584 utrum
2128 1515 2316 1584 vobis
2352 1519 2691 1584 consilium

535 1630 795 1693 tandem
823 1628 1138 1712 praetoris
1166 1625 1423 1691 recitari
1451 1627 1809 1710 videbatur,
1848 1649 1994 1691 cum
2023 1626 2379 1692 audiebatis
2408 1627 2691 1711 nomina,

537 1758 620 1799 an
664 1735 1004 1819 praedonis
1051 1733 1514 1818 improbissimi
1561 1733 1835 1798 societas
1883 1737 2076 1817 atque
2124 1734 2515 1799 comitatus?
2586 1734 2691 1798 En

535 1840 867 1906 foederum
926 1843 1337 1926 interpretes,
1397 1841 1724 1905 societatis
1784 1844 2108 1927 pactores,
2164 1841 2498 1927 religionis
2545 1862 2690 1906 auc-

536 1950 733 2013 tores!
787 1949 1162 2034 Numquam
1191 1949 1261 2014 in
1290 1948 1510 2014 Sicilia
1533 1949 1934 2013 frumentum
1962 1949 2221 2032 publice
2251 1953 2349 2015 est
2378 1954 2690 2034 emptum,

325 2099 331 2104 -
456 2072 507 2113 1⁶
536 2056 692 2138 quin
728 2056 1130 2122 Mamertinis
1176 2078 1295 2141 pro
1333 2056 1633 2141 portione
1681 2056 2130 2139 imperaretur,
2177 2060 2522 2139 antequam
2561 2056 2686 2122 hoc

536 2162 855 2227 delectum
908 2164 1439 2247 praeclarumque
1497 2161 1839 2226 consilium
1893 2161 2016 2225 iste
2072 2161 2274 2245 dedit,
2328 2167 2402 2226 ut
2459 2164 2540 2228 ab
2587 2164 2688 2228 his

534 2291 834 2334 nummos
900 2270 1219 2354 acciperet
1286 2290 1359 2333 ac
1425 2268 1525 2333 sui
1591 2268 1820 2332 similis
1882 2271 2067 2333 esset.
2158 2266 2385 2351 Itaque
2432 2272 2687 2333 tantum

535 2376 738 2442 valuit
797 2375 986 2442 istius
1048 2376 1290 2442 decreti
1335 2374 1716 2460 auctoritas,
1779 2379 2048 2461 qantum
2110 2375 2332 2441 debuit
2393 2376 2527 2442 eius
2575 2375 2689 2442 ho-

533 2485 753 2568 minis,
792 2484 930 2568 qui,
967 2508 1004 2549 a
1042 2484 1276 2569 quibus
1308 2485 1710 2548 frumentum
1738 2506 1948 2548 emere
1978 2483 2331 2567 debuisset,
2368 2484 2447 2548 iis
2478 2485 2688 2548 decre-

451 2611 504 2651 20
531 2595 672 2655 tum
732 2591 1141 2657 vendidisset.
1233 2591 1404 2657 Nam
1452 2592 1674 2656 statim
1719 2591 1791 2655 L.
1828 2591 2190 2656 Metellus
2250 2596 2325 2656 ut
2378 2590 2488 2656 isti
2549 2613 2689 2657 suc-

533 2698 751 2781 cessit,
810 2722 890 2764 ex
936 2698 1001 2764 C.
1042 2698 1405 2764 Sacerdotis
1464 2703 1527 2764 et
1584 2722 1664 2762 ex
1725 2697 1867 2763 Se1.
1897 2698 2214 2764 Peducaei
2261 2699 2562 2764 instituto
2612 2720 2687 2764 ac

532 2806 766 2871 litteris
812 2806 1282 2870 frumentum
1329 2805 1810 2869 Mamertinis
1856 2805 2283 2888 imperavit.
2376 2805 2542 2869 Tum
2589 2805 2686 2869 illi

530 2912 987 2975 intellexerunt
1024 2932 1091 2975 se
1129 2911 1224 2993 id,
1270 2911 1442 2994 quod
1481 2933 1519 2973 a
1555 2911 1726 2975 malo
1767 2914 2027 2975 auctore
2066 2911 2397 2993 emissent,
2444 2911 2698 2975 diutius-

531 3018 822 3083 obtinere
875 3040 1009 3082 non
1053 3038 1260 3101 posse.
1354 3015 1495 3102 Age
1542 3038 1735 3100 porro
1747 3065 1765 3099 ,
1820 3021 1922 3099 tu,
1970 3017 2081 3099 qui
2127 3021 2261 3081 tam
2307 3017 2684 3103 religiosum

450 3145 501 3184 25
531 3125 882 3190 existimari
926 3127 992 3188 te
1037 3124 1302 3188 voluisti
1347 3122 1765 3207 interpretem
1810 3123 2171 3207 foederum,
2217 3146 2354 3190 cur
2398 3123 2686 3189 Tauro-

530 3231 942 3296 menitanis
1033 3212 1530 3313 frumerstum,
1623 3251 1755 3295 cur
1834 3231 2150 3297 Netinis
2243 3231 2686 3316 imperasti?

529 3337 815 3416 Quarum
863 3338 1196 3403 civitatum
1243 3342 1516 3421 utraque
1561 3336 1890 3403 foederata
1936 3341 2049 3402 est.
2123 3336 2221 3403 Ac
2267 3338 2494 3404 Netini
2541 3339 2683 3423 qui-

526 3446 671 3511 dem
720 3446 843 3510 sibi
890 3468 1023 3511 non
1069 3446 1410 3510 defuerunt
1447 3467 1549 3529 ac,
1597 3446 1791 3510 simul
1826 3446 2262 3529 pronuntiasti
2297 3446 2579 3511 libenter
2615 3449 2680 3511 te
2715 3531 2720 3535 ¹

526 3553 925 3618 Mamertinis
962 3553 1317 3636 remittere,
1353 3558 1418 3617 te
1457 3553 1753 3617 adierunt
1790 3556 1856 3616 et
1892 3554 2159 3618 eandem
2199 3574 2382 3619 suam
2421 3574 2679 3618 causam

446 3679 500 3718 30
526 3660 802 3724 foederis
863 3681 999 3725 esse
1061 3660 1433 3725 docuerunt.
1525 3660 1625 3723 Tu
1686 3659 1874 3724 aliter
1931 3660 2269 3725 decernere
2330 3661 2552 3724 eadem
2612 3661 2682 3724 in

528 3787 719 3831 causa
775 3789 908 3830 non
965 3767 1265 3851 potuisti3
1323 3767 1704 3851 pronuntias
1750 3766 2026 3831 Netinos
2083 3767 2482 3832 frumentum
2531 3768 2680 3832 dare

522 3896 657 3939 non
723 3873 954 3939 debere
1001 3878 1065 3938 et
1112 3874 1191 3938 ab
1237 3873 1339 3938 his
1386 3878 1605 3939 tamen
1651 3874 1873 3959 exigis
1967 3872 2136 3939 Cedo
2184 3875 2346 3939 mihi
2392 3875 2677 3940 eiusdem

523 3980 837 4064 praetoris
900 3981 1148 4046 litteras
1211 3984 1276 4045 et
1332 4004 1546 4046 rerum
1611 3982 2008 4046 decretarum
2071 3986 2135 4047 et
2192 3982 2504 4047 frumenti
2563 3981 2681 4043 im-

524 4087 746 4169 perati.
820 4087 1142 4152 LITTERAE
1189 4113 1403 4153 RERUM
1450 4112 1887 4153 DEORETARUM.
1964 4088 2132 4165 Quid
2179 4088 2400 4172 potius
2447 4087 2516 4149 in
2554 4085 2680 4149 hac

448 4214 498 4253 85
526 4198 707 4258 tanta
744 4199 809 4258 et
844 4200 978 4260 tam
1008 4196 1184 4280 turpi
1212 4196 1647 4262 inconstantia
1677 4196 1987 4279 suspicari
2015 4215 2380 4279 possumus,
2416 4191 2680 4274 iudices,

2732 789 2800 837 54

2729 1751 2795 1799 55

2725 2821 2792 2869 56
