<?xml version="1.0" encoding="UTF-8"?>
<!DOCTYPE html PUBLIC "-//W3C//DTD XHTML 1.0 Transitional//EN"
    "http://www.w3.org/TR/xhtml1/DTD/xhtml1-transitional.dtd">
<html xmlns="http://www.w3.org/1999/xhtml" xml:lang="en" lang="en">
 <head>
  <title>
</title>
<meta http-equiv="Content-Type" content="text/html;charset=utf-8" />
  <meta name='ocr-system' content='tesseract 3.04.00' />
  <meta name='ocr-capabilities' content='ocr_page ocr_carea ocr_par ocr_line ocrx_word'/>
</head>
<body>
  <div class='ocr_page' id='page_1' title='image "./cicerosverrinen00bardgoog_0032.png"; bbox 0 0 3175 4800; ppageno 0'>
   <div class='ocr_carea' id='block_1_1' title="bbox 438 682 538 730">
    <p class='ocr_par' dir='ltr' id='par_1_1' title="bbox 438 682 538 730">
     <span class='ocr_line' id='line_1_1' title="bbox 438 682 538 730; baseline -0.01 0"><span class='ocrx_word' id='word_1_1' title='bbox 438 682 538 730; x_wconf 48' lang='lat'><strong>*47</strong></span> 
     </span>
    </p>
   </div>
   <div class='ocr_carea' id='block_1_2' title="bbox 576 394 2062 465">
    <p class='ocr_par' dir='ltr' id='par_1_2' title="bbox 576 394 2062 465">
     <span class='ocr_line' id='line_1_2' title="bbox 576 394 2062 465; baseline 0.001 -19"><span class='ocrx_word' id='word_1_2' title='bbox 576 398 661 461; x_wconf 81' lang='lat'><strong>18</strong></span> <span class='ocrx_word' id='word_1_3' title='bbox 1229 394 1323 448; x_wconf 88' lang='lat' dir='ltr'><strong>III.</strong></span> <span class='ocrx_word' id='word_1_4' title='bbox 1362 395 1445 448; x_wconf 89' lang='lat' dir='ltr'><strong>De</strong></span> <span class='ocrx_word' id='word_1_5' title='bbox 1485 395 1677 464; x_wconf 87' lang='lat' dir='ltr'><strong>signis.</strong></span> <span class='ocrx_word' id='word_1_6' title='bbox 1736 395 2062 465; x_wconf 84' lang='lat' dir='ltr'><strong>(Auswahl.)</strong></span> 
     </span>
    </p>
   </div>
   <div class='ocr_carea' id='block_1_3' title="bbox 576 558 2721 857">
    <p class='ocr_par' dir='ltr' id='par_1_3' title="bbox 576 558 2721 857">
     <span class='ocr_line' id='line_1_3' title="bbox 578 558 2721 644; baseline 0 -22"><span class='ocrx_word' id='word_1_7' title='bbox 578 579 716 622; x_wconf 89' lang='lat' dir='ltr'><strong>esse</strong></span> <span class='ocrx_word' id='word_1_8' title='bbox 761 558 1114 644; x_wconf 89' lang='lat' dir='ltr'><strong>integrum,</strong></span> <span class='ocrx_word' id='word_1_9' title='bbox 1158 558 1273 623; x_wconf 89' lang='lat' dir='ltr'><strong>ubi</strong></span> <span class='ocrx_word' id='word_1_10' title='bbox 1316 580 1507 622; x_wconf 92' lang='lat' dir='ltr'><strong>nemo</strong></span> <span class='ocrx_word' id='word_1_11' title='bbox 1556 562 1682 641; x_wconf 92' lang='lat' dir='ltr'><strong>est,</strong></span> <span class='ocrx_word' id='word_1_12' title='bbox 1728 559 1841 642; x_wconf 91' lang='lat' dir='ltr'><strong>qui</strong></span> <span class='ocrx_word' id='word_1_13' title='bbox 1886 562 1998 623; x_wconf 89' lang='lat' dir='ltr'><strong>aut</strong></span> <span class='ocrx_word' id='word_1_14' title='bbox 2042 559 2249 642; x_wconf 83' lang='lat' dir='ltr'>possit</span> <span class='ocrx_word' id='word_1_15' title='bbox 2295 563 2406 623; x_wconf 90' lang='lat' dir='ltr'><strong>aut</strong></span> <span class='ocrx_word' id='word_1_16' title='bbox 2453 564 2721 625; x_wconf 88' lang='lat' dir='ltr'><strong>conetur</strong></span> 
     </span>
     <span class='ocr_line' id='line_1_4' title="bbox 579 664 2719 751; baseline 0 -21"><span class='ocrx_word' id='word_1_17' title='bbox 579 687 1000 751; x_wconf 88' lang='lat' dir='ltr'><strong>corrumpere.</strong></span> <span class='ocrx_word' id='word_1_18' title='bbox 1090 664 1236 729; x_wconf 89' lang='lat' dir='ltr'><strong>Hoc</strong></span> <span class='ocrx_word' id='word_1_19' title='bbox 1309 669 1407 729; x_wconf 91' lang='lat' dir='ltr'><strong>est</strong></span> <span class='ocrx_word' id='word_1_20' title='bbox 1478 665 1817 749; x_wconf 86' lang='lat' dir='ltr'><strong>iudicium,</strong></span> <span class='ocrx_word' id='word_1_21' title='bbox 1879 666 1949 729; x_wconf 90' lang='lat' dir='ltr'><strong>in</strong></span> <span class='ocrx_word' id='word_1_22' title='bbox 2014 686 2141 748; x_wconf 88' lang='lat' dir='ltr'><strong>quo</strong></span> <span class='ocrx_word' id='word_1_23' title='bbox 2205 688 2337 731; x_wconf 84' lang='lat' dir='ltr'><strong>vos</strong></span> <span class='ocrx_word' id='word_1_24' title='bbox 2405 667 2491 731; x_wconf 86' lang='lat' dir='ltr'><strong>de</strong></span> <span class='ocrx_word' id='word_1_25' title='bbox 2563 689 2719 750; x_wconf 71' lang='grc' dir='ltr'><strong>τεο,</strong></span> 
     </span>
     <span class='ocr_line' id='line_1_5' title="bbox 576 771 2718 857; baseline 0 -21"><span class='ocrx_word' id='word_1_26' title='bbox 576 773 922 857; x_wconf 89' lang='lat' dir='ltr'><strong>populus</strong></span> <span class='ocrx_word' id='word_1_27' title='bbox 988 771 1380 836; x_wconf 89' lang='lat' dir='ltr'><strong>Romanus</strong></span> <span class='ocrx_word' id='word_1_28' title='bbox 1447 771 1534 835; x_wconf 88' lang='lat' dir='ltr'><strong>de</strong></span> <span class='ocrx_word' id='word_1_29' title='bbox 1597 772 1819 837; x_wconf 83' lang='lat' dir='ltr'><strong>vobis</strong></span> <span class='ocrx_word' id='word_1_30' title='bbox 1885 771 2223 856; x_wconf 80' lang='lat' dir='ltr'><strong>iudicabit3</strong></span> <span class='ocrx_word' id='word_1_31' title='bbox 2284 773 2354 836; x_wconf 90' lang='lat' dir='ltr'><strong>in</strong></span> <span class='ocrx_word' id='word_1_32' title='bbox 2416 773 2542 838; x_wconf 91' lang='lat' dir='ltr'><strong>hoc</strong></span> <span class='ocrx_word' id='word_1_33' title='bbox 2605 773 2718 837; x_wconf 91' lang='lat' dir='ltr'><strong>ho-</strong></span> 
     </span>
    </p>
   </div>
   <div class='ocr_carea' id='block_1_4' title="bbox 482 877 2821 963">
    <p class='ocr_par' dir='ltr' id='par_1_4' title="bbox 482 877 2821 963">
     <span class='ocr_line' id='line_1_6' title="bbox 482 877 2821 963; baseline 0 -20"><span class='ocrx_word' id='word_1_34' title='bbox 482 907 487 913; x_wconf 96' lang='lat'>·</span> <span class='ocrx_word' id='word_1_35' title='bbox 578 879 749 943; x_wconf 89' lang='lat' dir='ltr'><strong>mine</strong></span> <span class='ocrx_word' id='word_1_36' title='bbox 812 883 1162 962; x_wconf 86' lang='lat' dir='ltr'><strong>statuetur,</strong></span> <span class='ocrx_word' id='word_1_37' title='bbox 1223 878 1535 963; x_wconf 79' lang='lat' dir='ltr'><strong>possitne&#39;</strong></span> <span class='ocrx_word' id='word_1_38' title='bbox 1568 879 1972 944; x_wconf 87' lang='lat' dir='ltr'><strong>senatoribus</strong></span> <span class='ocrx_word' id='word_1_39' title='bbox 2032 877 2463 944; x_wconf 87' lang='lat' dir='ltr'><strong>iudicantibus</strong></span> <span class='ocrx_word' id='word_1_40' title='bbox 2520 880 2716 943; x_wconf 91' lang='lat' dir='ltr'><strong>homo</strong></span> <span class='ocrx_word' id='word_1_41' title='bbox 2815 894 2821 900; x_wconf 78' lang='grc'><em>“</em></span> 
     </span>
    </p>
   </div>
   <div class='ocr_carea' id='block_1_5' title="bbox 472 1643 540 1692">
    <p class='ocr_par' dir='ltr' id='par_1_5' title="bbox 472 1643 540 1692">
     <span class='ocr_line' id='line_1_7' title="bbox 472 1643 540 1692; baseline -0.015 0"><span class='ocrx_word' id='word_1_42' title='bbox 472 1643 540 1692; x_wconf 88' lang='grc'><strong>48</strong></span> 
     </span>
    </p>
   </div>
   <div class='ocr_carea' id='block_1_6' title="bbox 510 4118 541 4165">
    <p class='ocr_par' dir='ltr' id='par_1_6' title="bbox 510 4118 541 4165">
     <span class='ocr_line' id='line_1_8' title="bbox 510 4118 541 4165; baseline 0 0"><span class='ocrx_word' id='word_1_43' title='bbox 510 4118 541 4165; x_wconf 81' lang='lat'><strong>2</strong></span> 
     </span>
    </p>
   </div>
   <div class='ocr_carea' id='block_1_7' title="bbox 575 984 2800 2030">
    <p class='ocr_par' dir='ltr' id='par_1_7' title="bbox 575 984 2800 2030">
     <span class='ocr_line' id='line_1_9' title="bbox 577 984 2773 1072; baseline -0.002 -22"><span class='ocrx_word' id='word_1_44' title='bbox 577 985 1070 1050; x_wconf 76' lang='lat' dir='ltr'><strong>nocentissimus</strong></span> <span class='ocrx_word' id='word_1_45' title='bbox 1134 985 1830 1072; x_wconf 78' lang='lat' dir='ltr'><strong>pecuniosissimusque</strong></span> <span class='ocrx_word' id='word_1_46' title='bbox 1894 986 2200 1049; x_wconf 86' lang='lat' dir='ltr'><strong>damnari.</strong></span> <span class='ocrx_word' id='word_1_47' title='bbox 2290 984 2539 1050; x_wconf 86' lang='lat' dir='ltr'><strong>Deinde</strong></span> <span class='ocrx_word' id='word_1_48' title='bbox 2605 991 2718 1051; x_wconf 87' lang='lat' dir='ltr'><strong>est</strong></span> <span class='ocrx_word' id='word_1_49' title='bbox 2748 1006 2773 1045; x_wconf 85' lang='lat'><strong>5</strong></span> 
     </span>
     <span class='ocr_line' id='line_1_10' title="bbox 579 1092 2720 1177; baseline 0 -21"><span class='ocrx_word' id='word_1_50' title='bbox 579 1093 744 1157; x_wconf 89' lang='lat' dir='ltr'><strong>eius</strong></span> <span class='ocrx_word' id='word_1_51' title='bbox 789 1093 995 1157; x_wconf 84' lang='lat' dir='ltr'><strong>modi</strong></span> <span class='ocrx_word' id='word_1_52' title='bbox 1037 1114 1246 1175; x_wconf 87' lang='lat' dir='ltr'><strong>reus,</strong></span> <span class='ocrx_word' id='word_1_53' title='bbox 1282 1092 1351 1155; x_wconf 90' lang='lat' dir='ltr'><strong>in</strong></span> <span class='ocrx_word' id='word_1_54' title='bbox 1389 1113 1516 1175; x_wconf 90' lang='lat' dir='ltr'><strong>quo</strong></span> <span class='ocrx_word' id='word_1_55' title='bbox 1554 1093 1819 1158; x_wconf 86' lang='lat' dir='ltr'><strong>homine</strong></span> <span class='ocrx_word' id='word_1_56' title='bbox 1854 1092 2022 1157; x_wconf 87' lang='lat' dir='ltr'><strong>nihil</strong></span> <span class='ocrx_word' id='word_1_57' title='bbox 2058 1093 2143 1157; x_wconf 80' lang='lat' dir='ltr'><strong>sit</strong></span> <span class='ocrx_word' id='word_1_58' title='bbox 2179 1097 2433 1177; x_wconf 88' lang='lat' dir='ltr'><strong>praeter</strong></span> <span class='ocrx_word' id='word_1_59' title='bbox 2470 1115 2720 1158; x_wconf 92' lang='lat' dir='ltr'><strong>summa</strong></span> 
     </span>
     <span class='ocr_line' id='line_1_11' title="bbox 576 1199 2720 1283; baseline -0 -19"><span class='ocrx_word' id='word_1_60' title='bbox 576 1203 839 1283; x_wconf 87' lang='lat' dir='ltr'><strong>peccata</strong></span> <span class='ocrx_word' id='word_1_61' title='bbox 874 1200 1348 1283; x_wconf 82' lang='lat' dir='ltr'><strong>maximamque</strong></span> <span class='ocrx_word' id='word_1_62' title='bbox 1384 1199 1753 1283; x_wconf 84' lang='lat' dir='ltr'><strong>pecuniam,</strong></span> <span class='ocrx_word' id='word_1_63' title='bbox 1789 1203 1895 1283; x_wconf 91' lang='lat' dir='ltr'><strong>ut,</strong></span> <span class='ocrx_word' id='word_1_64' title='bbox 1932 1200 1987 1263; x_wconf 89' lang='lat' dir='ltr'><strong>si</strong></span> <span class='ocrx_word' id='word_1_65' title='bbox 2030 1200 2339 1264; x_wconf 89' lang='lat' dir='ltr'><strong>liberatus</strong></span> <span class='ocrx_word' id='word_1_66' title='bbox 2364 1201 2497 1283; x_wconf 84' lang='lat' dir='ltr'><strong>sit,</strong></span> <span class='ocrx_word' id='word_1_67' title='bbox 2540 1201 2720 1264; x_wconf 92' lang='lat' dir='ltr'><strong>nulla</strong></span> 
     </span>
     <span class='ocr_line' id='line_1_12' title="bbox 578 1301 2718 1390; baseline 0 -21"><span class='ocrx_word' id='word_1_68' title='bbox 578 1306 704 1370; x_wconf 87' lang='lat' dir='ltr'><strong>alia</strong></span> <span class='ocrx_word' id='word_1_69' title='bbox 726 1301 1027 1389; x_wconf 80' lang='lat' dir='ltr'><strong>‘suspicio</strong></span> <span class='ocrx_word' id='word_1_70' title='bbox 1072 1307 1200 1370; x_wconf 90' lang='lat' dir='ltr'><strong>nisi</strong></span> <span class='ocrx_word' id='word_1_71' title='bbox 1247 1329 1347 1388; x_wconf 87' lang='lat' dir='ltr'><strong>ea,</strong></span> <span class='ocrx_word' id='word_1_72' title='bbox 1394 1328 1557 1390; x_wconf 89' lang='lat' dir='ltr'><strong>quae</strong></span> <span class='ocrx_word' id='word_1_73' title='bbox 1603 1306 1978 1388; x_wconf 89' lang='lat' dir='ltr'><strong>turpissima</strong></span> <span class='ocrx_word' id='word_1_74' title='bbox 2015 1310 2139 1389; x_wconf 85' lang='lat' dir='ltr'><strong>est,</strong></span> <span class='ocrx_word' id='word_1_75' title='bbox 2174 1306 2451 1371; x_wconf 87' lang='lat' dir='ltr'><strong>residere</strong></span> <span class='ocrx_word' id='word_1_76' title='bbox 2485 1306 2718 1389; x_wconf 85' lang='lat' dir='ltr'><strong>possit3</strong></span> 
     </span>
     <span class='ocr_line' id='line_1_13' title="bbox 575 1412 2720 1499; baseline 0 -23"><span class='ocrx_word' id='word_1_77' title='bbox 575 1435 711 1477; x_wconf 92' lang='lat' dir='ltr'><strong>non</strong></span> <span class='ocrx_word' id='word_1_78' title='bbox 753 1412 992 1498; x_wconf 86' lang='lat' dir='ltr'><strong>gratia,</strong></span> <span class='ocrx_word' id='word_1_79' title='bbox 1048 1436 1182 1478; x_wconf 94' lang='lat' dir='ltr'><strong>non</strong></span> <span class='ocrx_word' id='word_1_80' title='bbox 1228 1412 1640 1499; x_wconf 76' lang='lat' dir='ltr'><strong>cognatione,</strong></span> <span class='ocrx_word' id='word_1_81' title='bbox 1697 1434 1831 1476; x_wconf 95' lang='lat' dir='ltr'><strong>non</strong></span> <span class='ocrx_word' id='word_1_82' title='bbox 1886 1413 2027 1477; x_wconf 89' lang='lat' dir='ltr'><strong>aliis</strong></span> <span class='ocrx_word' id='word_1_83' title='bbox 2082 1417 2255 1478; x_wconf 90' lang='lat' dir='ltr'><strong>recte</strong></span> <span class='ocrx_word' id='word_1_84' title='bbox 2314 1414 2529 1498; x_wconf 83' lang='lat' dir='ltr'><strong>factis,</strong></span> <span class='ocrx_word' id='word_1_85' title='bbox 2586 1435 2720 1477; x_wconf 94' lang='lat' dir='ltr'><strong>non</strong></span> 
     </span>
     <span class='ocr_line' id='line_1_14' title="bbox 578 1518 2800 1605; baseline 0 -23"><span class='ocrx_word' id='word_1_86' title='bbox 578 1518 851 1603; x_wconf 86' lang='lat' dir='ltr'><strong>denique</strong></span> <span class='ocrx_word' id='word_1_87' title='bbox 923 1520 1140 1605; x_wconf 90' lang='lat' dir='ltr'><strong>aliquo</strong></span> <span class='ocrx_word' id='word_1_88' title='bbox 1205 1520 1512 1584; x_wconf 87' lang='lat' dir='ltr'><strong>mediocri</strong></span> <span class='ocrx_word' id='word_1_89' title='bbox 1574 1519 1735 1583; x_wconf 84' lang='lat' dir='ltr'><strong>vitio</strong></span> <span class='ocrx_word' id='word_1_90' title='bbox 1808 1524 1910 1584; x_wconf 92' lang='lat' dir='ltr'><strong>tot</strong></span> <span class='ocrx_word' id='word_1_91' title='bbox 1982 1525 2290 1604; x_wconf 79' lang='lat' dir='ltr'><strong>tantaque</strong></span> <span class='ocrx_word' id='word_1_92' title='bbox 2364 1521 2498 1584; x_wconf 91' lang='lat' dir='ltr'><strong>eius</strong></span> <span class='ocrx_word' id='word_1_93' title='bbox 2561 1519 2719 1584; x_wconf 83' lang='lat' dir='ltr'><strong>vitia</strong></span> <span class='ocrx_word' id='word_1_94' title='bbox 2748 1538 2800 1576; x_wconf 85' lang='lat'><strong>10</strong></span> 
     </span>
     <span class='ocr_line' id='line_1_15' title="bbox 579 1626 2717 1714; baseline -0 -24"><span class='ocrx_word' id='word_1_95' title='bbox 579 1627 912 1692; x_wconf 83' lang='lat' dir='ltr'><strong>sublevata</strong></span> <span class='ocrx_word' id='word_1_96' title='bbox 971 1649 1107 1693; x_wconf 83' lang='lat' dir='ltr'><strong>esse</strong></span> <span class='ocrx_word' id='word_1_97' title='bbox 1164 1628 1572 1694; x_wconf 83' lang='lat' dir='ltr'><strong>videbuntur.</strong></span> <span class='ocrx_word' id='word_1_98' title='bbox 1664 1627 2000 1693; x_wconf 89' lang='lat' dir='ltr'><strong>Postremo</strong></span> <span class='ocrx_word' id='word_1_99' title='bbox 2058 1650 2199 1714; x_wconf 89' lang='lat' dir='ltr'><strong>ego</strong></span> <span class='ocrx_word' id='word_1_100' title='bbox 2262 1648 2562 1691; x_wconf 89' lang='lat' dir='ltr'><strong>causam</strong></span> <span class='ocrx_word' id='word_1_101' title='bbox 2610 1626 2717 1689; x_wconf 90' lang='lat' dir='ltr'><strong>sic</strong></span> 
     </span>
     <span class='ocr_line' id='line_1_16' title="bbox 580 1735 2719 1820; baseline -0.001 -22"><span class='ocrx_word' id='word_1_102' title='bbox 580 1757 819 1820; x_wconf 89' lang='lat' dir='ltr'><strong>agam,</strong></span> <span class='ocrx_word' id='word_1_103' title='bbox 882 1735 1153 1818; x_wconf 88' lang='lat' dir='ltr'><strong>iudices,</strong></span> <span class='ocrx_word' id='word_1_104' title='bbox 1212 1736 1347 1800; x_wconf 91' lang='lat' dir='ltr'><strong>eius</strong></span> <span class='ocrx_word' id='word_1_105' title='bbox 1412 1735 1589 1798; x_wconf 88' lang='lat' dir='ltr'><strong>modi</strong></span> <span class='ocrx_word' id='word_1_106' title='bbox 1652 1756 1783 1816; x_wconf 86' lang='lat' dir='ltr'><strong>res,</strong></span> <span class='ocrx_word' id='word_1_107' title='bbox 1846 1735 1939 1798; x_wconf 91' lang='lat' dir='ltr'><strong>ita</strong></span> <span class='ocrx_word' id='word_1_108' title='bbox 1999 1740 2217 1818; x_wconf 91' lang='lat' dir='ltr'><strong>notas,</strong></span> <span class='ocrx_word' id='word_1_109' title='bbox 2279 1735 2371 1797; x_wconf 90' lang='lat' dir='ltr'><strong>ita</strong></span> <span class='ocrx_word' id='word_1_110' title='bbox 2434 1736 2719 1812; x_wconf 88' lang='lat' dir='ltr'><strong>testatas,</strong></span> 
     </span>
     <span class='ocr_line' id='line_1_17' title="bbox 576 1838 2718 1926; baseline -0 -23"><span class='ocrx_word' id='word_1_111' title='bbox 576 1842 669 1905; x_wconf 86' lang='lat' dir='ltr'><strong>ita</strong></span> <span class='ocrx_word' id='word_1_112' title='bbox 727 1862 1021 1926; x_wconf 88' lang='lat' dir='ltr'><strong>magnas,</strong></span> <span class='ocrx_word' id='word_1_113' title='bbox 1078 1842 1170 1904; x_wconf 88' lang='lat' dir='ltr'><strong>ita</strong></span> <span class='ocrx_word' id='word_1_114' title='bbox 1228 1840 1599 1904; x_wconf 88' lang='lat' dir='ltr'><strong>manifestas</strong></span> <span class='ocrx_word' id='word_1_115' title='bbox 1655 1839 2012 1922; x_wconf 82' lang='lat' dir='ltr'><strong>proferam,</strong></span> <span class='ocrx_word' id='word_1_116' title='bbox 2061 1845 2135 1903; x_wconf 87' lang='lat' dir='ltr'><strong>ut</strong></span> <span class='ocrx_word' id='word_1_117' title='bbox 2186 1861 2376 1905; x_wconf 88' lang='lat' dir='ltr'><strong>nemo</strong></span> <span class='ocrx_word' id='word_1_118' title='bbox 2435 1862 2471 1903; x_wconf 89' lang='lat' dir='ltr'><strong>a</strong></span> <span class='ocrx_word' id='word_1_119' title='bbox 2513 1838 2718 1919; x_wconf 80' lang='lat' dir='ltr'><strong>vobiS,</strong></span> 
     </span>
     <span class='ocr_line' id='line_1_18' title="bbox 578 1942 2555 2030; baseline -0.003 -19"><span class='ocrx_word' id='word_1_120' title='bbox 578 1952 651 2012; x_wconf 88' lang='lat' dir='ltr'><strong>ut</strong></span> <span class='ocrx_word' id='word_1_121' title='bbox 696 1948 894 2011; x_wconf 88' lang='lat' dir='ltr'><strong>istum</strong></span> <span class='ocrx_word' id='word_1_122' title='bbox 941 1946 1317 2029; x_wconf 83' lang='lat' dir='ltr'><strong>absolvatis,</strong></span> <span class='ocrx_word' id='word_1_123' title='bbox 1361 1968 1477 2029; x_wconf 88' lang='lat' dir='ltr'><strong>per</strong></span> <span class='ocrx_word' id='word_1_124' title='bbox 1521 1945 1796 2030; x_wconf 86' lang='lat' dir='ltr'><strong>gratiam</strong></span> <span class='ocrx_word' id='word_1_125' title='bbox 1845 1948 2112 2008; x_wconf 87' lang='lat' dir='ltr'><strong>conetur</strong></span> <span class='ocrx_word' id='word_1_126' title='bbox 2158 1942 2555 2009; x_wconf 71' lang='lat' dir='ltr'><strong>contendere.</strong></span> 
     </span>
    </p>
   </div>
   <div class='ocr_carea' id='block_1_8' title="bbox 1349 2208 2794 2669">
    <p class='ocr_par' dir='ltr' id='par_1_8' title="bbox 1349 2208 2794 2669">
     <span class='ocr_line' id='line_1_19' title="bbox 1584 2208 2794 2340; baseline -0.009 0"><span class='ocrx_word' id='word_1_127' title='bbox 1584 2214 1711 2340; x_wconf 81' lang='grc' dir='ltr'><strong>ΠΙ.</strong></span> <span class='ocrx_word' id='word_1_128' title='bbox 2061 2208 2064 2211; x_wconf 36' lang='grc'><em>’</em></span> <span class='ocrx_word' id='word_1_129' title='bbox 2745 2290 2794 2329; x_wconf 69' lang='lat'><strong>1⁵</strong></span> 
     </span>
     <span class='ocr_line' id='line_1_20' title="bbox 1359 2420 1934 2540; baseline -0.009 -36"><span class='ocrx_word' id='word_1_130' title='bbox 1359 2420 1934 2540; x_wconf 9' lang='lat' dir='ltr'><strong>Dejsignis.</strong></span> 
     </span>
     <span class='ocr_line' id='line_1_21' title="bbox 1349 2579 1837 2669; baseline -0.006 -22"><span class='ocrx_word' id='word_1_131' title='bbox 1349 2590 1352 2593; x_wconf 81' lang='grc'><strong>’</strong></span> <span class='ocrx_word' id='word_1_132' title='bbox 1452 2579 1837 2669; x_wconf 77' lang='lat' dir='ltr'><strong>(Auswahl.)</strong></span> 
     </span>
    </p>
   </div>
   <div class='ocr_carea' id='block_1_9' title="bbox 577 2702 2802 4297">
    <p class='ocr_par' dir='ltr' id='par_1_9' title="bbox 577 2702 2802 4297">
     <span class='ocr_line' id='line_1_22' title="bbox 758 2702 2717 2791; baseline -0.006 -16"><span class='ocrx_word' id='word_1_133' title='bbox 758 2712 965 2775; x_wconf 88' lang='lat' dir='ltr'><strong>Venio</strong></span> <span class='ocrx_word' id='word_1_134' title='bbox 1025 2731 1196 2774; x_wconf 90' lang='lat' dir='ltr'><strong>nunc</strong></span> <span class='ocrx_word' id='word_1_135' title='bbox 1257 2709 1335 2772; x_wconf 89' lang='lat' dir='ltr'><strong>ad</strong></span> <span class='ocrx_word' id='word_1_136' title='bbox 1394 2709 1610 2791; x_wconf 85' lang='lat' dir='ltr'><strong>istius,</strong></span> <span class='ocrx_word' id='word_1_137' title='bbox 1678 2728 1869 2791; x_wconf 88' lang='lat' dir='ltr'><strong>quem</strong></span> <span class='ocrx_word' id='word_1_138' title='bbox 1924 2704 2017 2769; x_wconf 66' lang='lat' dir='ltr'><strong>«ad</strong></span> <span class='ocrx_word' id='word_1_139' title='bbox 2082 2702 2346 2767; x_wconf 89' lang='lat' dir='ltr'><strong>modum</strong></span> <span class='ocrx_word' id='word_1_140' title='bbox 2410 2702 2546 2785; x_wconf 89' lang='lat' dir='ltr'><strong>ipse</strong></span> <span class='ocrx_word' id='word_1_141' title='bbox 2611 2723 2717 2784; x_wconf 91' lang='lat' dir='ltr'><strong>ap-</strong></span> 
     </span>
     <span class='ocr_line' id='line_1_23' title="bbox 579 2807 2720 2901; baseline -0.005 -20"><span class='ocrx_word' id='word_1_142' title='bbox 579 2819 803 2901; x_wconf 87' lang='lat' dir='ltr'><strong>pellat,</strong></span> <span class='ocrx_word' id='word_1_143' title='bbox 849 2816 1215 2899; x_wconf 82' lang='lat' dir='ltr'><strong>studium,</strong></span> <span class='ocrx_word' id='word_1_144' title='bbox 1259 2819 1333 2879; x_wconf 92' lang='lat' dir='ltr'><strong>ut</strong></span> <span class='ocrx_word' id='word_1_145' title='bbox 1371 2815 1560 2879; x_wconf 85' lang='lat' dir='ltr'><strong>amici</strong></span> <span class='ocrx_word' id='word_1_146' title='bbox 1600 2815 1765 2897; x_wconf 89' lang='lat' dir='ltr'><strong>eius,</strong></span> <span class='ocrx_word' id='word_1_147' title='bbox 1810 2811 2153 2876; x_wconf 88' lang='lat' dir='ltr'><strong>morbum</strong></span> <span class='ocrx_word' id='word_1_148' title='bbox 2202 2814 2266 2874; x_wconf 89' lang='lat' dir='ltr'><strong>et</strong></span> <span class='ocrx_word' id='word_1_149' title='bbox 2312 2807 2720 2889; x_wconf 89' lang='lat' dir='ltr'><strong>insaniam,</strong></span> 
     </span>
     <span class='ocr_line' id='line_1_24' title="bbox 578 2915 2801 3007; baseline -0.007 -19"><span class='ocrx_word' id='word_1_150' title='bbox 578 2929 653 2988; x_wconf 92' lang='lat' dir='ltr'><strong>ut</strong></span> <span class='ocrx_word' id='word_1_151' title='bbox 728 2923 954 3007; x_wconf 83' lang='lat' dir='ltr'><strong>Siculi,</strong></span> <span class='ocrx_word' id='word_1_152' title='bbox 1033 2921 1559 3006; x_wconf 82' lang='lat' dir='ltr'><strong>latrocinium3</strong></span> <span class='ocrx_word' id='word_1_153' title='bbox 1643 2943 1763 3007; x_wconf 89' lang='lat' dir='ltr'><strong>ego</strong></span> <span class='ocrx_word' id='word_1_154' title='bbox 1840 2940 1968 3004; x_wconf 94' lang='lat' dir='ltr'><strong>quo</strong></span> <span class='ocrx_word' id='word_1_155' title='bbox 2042 2917 2303 2981; x_wconf 91' lang='lat' dir='ltr'><strong>nomine</strong></span> <span class='ocrx_word' id='word_1_156' title='bbox 2385 2915 2720 2998; x_wconf 82' lang='lat' dir='ltr'><strong>appellem,</strong></span> <span class='ocrx_word' id='word_1_157' title='bbox 2748 2932 2801 2971; x_wconf 80' lang='lat'><strong>20</strong></span> 
     </span>
     <span class='ocr_line' id='line_1_25' title="bbox 577 3020 2719 3116; baseline -0.007 -20"><span class='ocrx_word' id='word_1_158' title='bbox 577 3032 826 3116; x_wconf 84' lang='lat' dir='ltr'><strong>nesci03</strong></span> <span class='ocrx_word' id='word_1_159' title='bbox 869 3054 1008 3096; x_wconf 87' lang='lat' dir='ltr'><strong>rem</strong></span> <span class='ocrx_word' id='word_1_160' title='bbox 1053 3030 1238 3095; x_wconf 71' lang='lat' dir='ltr'><strong>vobis</strong></span> <span class='ocrx_word' id='word_1_161' title='bbox 1285 3050 1675 3114; x_wconf 89' lang='lat' dir='ltr'><strong>proponam,</strong></span> <span class='ocrx_word' id='word_1_162' title='bbox 1719 3048 1834 3092; x_wconf 82' lang='lat' dir='ltr'><strong>vos</strong></span> <span class='ocrx_word' id='word_1_163' title='bbox 1884 3048 2023 3090; x_wconf 90' lang='lat' dir='ltr'><strong>eam</strong></span> <span class='ocrx_word' id='word_1_164' title='bbox 2073 3046 2219 3106; x_wconf 90' lang='lat' dir='ltr'><strong>suo,</strong></span> <span class='ocrx_word' id='word_1_165' title='bbox 2263 3045 2397 3086; x_wconf 93' lang='lat' dir='ltr'><strong>non</strong></span> <span class='ocrx_word' id='word_1_166' title='bbox 2440 3020 2719 3084; x_wconf 87' lang='lat' dir='ltr'><strong>nominis</strong></span> 
     </span>
     <span class='ocr_line' id='line_1_26' title="bbox 579 3124 2720 3224; baseline -0.007 -21"><span class='ocrx_word' id='word_1_167' title='bbox 579 3139 861 3223; x_wconf 85' lang='lat' dir='ltr'><strong>pondere</strong></span> <span class='ocrx_word' id='word_1_168' title='bbox 904 3138 1251 3224; x_wconf 80' lang='lat' dir='ltr'><strong>penditote.</strong></span> <span class='ocrx_word' id='word_1_169' title='bbox 1345 3135 1558 3201; x_wconf 83' lang='lat' dir='ltr'><strong>Genus</strong></span> <span class='ocrx_word' id='word_1_170' title='bbox 1584 3137 1821 3219; x_wconf 72' lang='lat' dir='ltr'><strong>ipsum</strong></span> <span class='ocrx_word' id='word_1_171' title='bbox 1868 3133 2045 3216; x_wconf 88' lang='lat' dir='ltr'><strong>prius</strong></span> <span class='ocrx_word' id='word_1_172' title='bbox 2106 3128 2503 3215; x_wconf 79' lang='lat' dir='ltr'><strong>cognoscite,</strong></span> <span class='ocrx_word' id='word_1_173' title='bbox 2560 3124 2720 3189; x_wconf 87' lang='lat' dir='ltr'><strong>iudi-</strong></span> 
     </span>
     <span class='ocr_line' id='line_1_27' title="bbox 582 3231 2721 3329; baseline -0.007 -20"><span class='ocrx_word' id='word_1_174' title='bbox 582 3268 713 3329; x_wconf 84' lang='lat' dir='ltr'><strong>ces3</strong></span> <span class='ocrx_word' id='word_1_175' title='bbox 774 3245 1002 3309; x_wconf 85' lang='lat' dir='ltr'><strong>deinde</strong></span> <span class='ocrx_word' id='word_1_176' title='bbox 1061 3245 1333 3307; x_wconf 83' lang='lat' dir='ltr'><strong>fortasse</strong></span> <span class='ocrx_word' id='word_1_177' title='bbox 1377 3265 1511 3306; x_wconf 94' lang='lat' dir='ltr'><strong>non</strong></span> <span class='ocrx_word' id='word_1_178' title='bbox 1556 3263 1792 3327; x_wconf 90' lang='lat' dir='ltr'><strong>magno</strong></span> <span class='ocrx_word' id='word_1_179' title='bbox 1843 3261 2034 3322; x_wconf 92' lang='lat' dir='ltr'><strong>opere</strong></span> <span class='ocrx_word' id='word_1_180' title='bbox 2082 3235 2427 3320; x_wconf 87' lang='lat' dir='ltr'><strong>quaeretis,</strong></span> <span class='ocrx_word' id='word_1_181' title='bbox 2481 3254 2608 3317; x_wconf 92' lang='lat' dir='ltr'><strong>quo</strong></span> <span class='ocrx_word' id='word_1_182' title='bbox 2654 3231 2721 3294; x_wconf 83' lang='lat' dir='ltr'><strong>id.</strong></span> 
     </span>
     <span class='ocr_line' id='line_1_28' title="bbox 580 3342 2719 3435; baseline -0.007 -19"><span class='ocrx_word' id='word_1_183' title='bbox 580 3353 839 3417; x_wconf 90' lang='lat' dir='ltr'><strong>nomine</strong></span> <span class='ocrx_word' id='word_1_184' title='bbox 886 3349 1340 3435; x_wconf 87' lang='lat' dir='ltr'><strong>appellandum</strong></span> <span class='ocrx_word' id='word_1_185' title='bbox 1385 3349 1645 3432; x_wconf 89' lang='lat' dir='ltr'><strong>putetis.</strong></span> <span class='ocrx_word' id='word_1_186' title='bbox 1736 3346 1950 3431; x_wconf 90' lang='lat' dir='ltr'><strong>Nego</strong></span> <span class='ocrx_word' id='word_1_187' title='bbox 1997 3346 2066 3408; x_wconf 91' lang='lat' dir='ltr'><strong>in</strong></span> <span class='ocrx_word' id='word_1_188' title='bbox 2113 3342 2332 3407; x_wconf 86' lang='lat' dir='ltr'><strong>Sicilia</strong></span> <span class='ocrx_word' id='word_1_189' title='bbox 2376 3345 2542 3421; x_wconf 87' lang='lat' dir='ltr'><strong>tota,</strong></span> <span class='ocrx_word' id='word_1_190' title='bbox 2586 3343 2719 3401; x_wconf 88' lang='lat' dir='ltr'><strong>tam</strong></span> 
     </span>
     <span class='ocr_line' id='line_1_29' title="bbox 579 3446 2801 3543; baseline -0.009 -19"><span class='ocrx_word' id='word_1_191' title='bbox 579 3459 907 3543; x_wconf 74' lang='lat' dir='ltr'><strong>locupleti,</strong></span> <span class='ocrx_word' id='word_1_192' title='bbox 933 3463 1067 3523; x_wconf 94' lang='lat' dir='ltr'><strong>tam</strong></span> <span class='ocrx_word' id='word_1_193' title='bbox 1094 3460 1310 3522; x_wconf 83' lang='lat' dir='ltr'><strong>vetere</strong></span> <span class='ocrx_word' id='word_1_194' title='bbox 1337 3455 1688 3540; x_wconf 86' lang='lat' dir='ltr'><strong>provincia,</strong></span> <span class='ocrx_word' id='word_1_195' title='bbox 1714 3457 1814 3517; x_wconf 89' lang='lat' dir='ltr'><strong>tot</strong></span> <span class='ocrx_word' id='word_1_196' title='bbox 1845 3451 2116 3537; x_wconf 77' lang='lat' dir='ltr'><strong>oppidiS,</strong></span> <span class='ocrx_word' id='word_1_197' title='bbox 2152 3453 2252 3514; x_wconf 80' lang='lat' dir='ltr'><strong>tot</strong></span> <span class='ocrx_word' id='word_1_198' title='bbox 2288 3446 2547 3511; x_wconf 83' lang='lat' dir='ltr'><strong>familiis</strong></span> <span class='ocrx_word' id='word_1_199' title='bbox 2585 3448 2717 3507; x_wconf 88' lang='lat' dir='ltr'><strong>tam</strong></span> <span class='ocrx_word' id='word_1_200' title='bbox 2747 3461 2801 3501; x_wconf 79' lang='lat'><strong>25</strong></span> 
     </span>
     <span class='ocr_line' id='line_1_30' title="bbox 583 3549 2719 3651; baseline -0.009 -19"><span class='ocrx_word' id='word_1_201' title='bbox 583 3568 888 3651; x_wconf 86' lang='lat' dir='ltr'><strong>copiosis,</strong></span> <span class='ocrx_word' id='word_1_202' title='bbox 927 3567 1134 3630; x_wconf 88' lang='lat' dir='ltr'><strong>ullum</strong></span> <span class='ocrx_word' id='word_1_203' title='bbox 1173 3567 1548 3650; x_wconf 90' lang='lat' dir='ltr'><strong>argenteum</strong></span> <span class='ocrx_word' id='word_1_204' title='bbox 1586 3582 1728 3644; x_wconf 81' lang='lat' dir='ltr'><strong>vas,</strong></span> <span class='ocrx_word' id='word_1_205' title='bbox 1762 3560 1968 3623; x_wconf 89' lang='lat' dir='ltr'><strong>ullum</strong></span> <span class='ocrx_word' id='word_1_206' title='bbox 2009 3555 2413 3621; x_wconf 84' lang='lat' dir='ltr'><strong>Corinthium</strong></span> <span class='ocrx_word' id='word_1_207' title='bbox 2451 3555 2563 3616; x_wconf 86' lang='lat' dir='ltr'><strong>aut</strong></span> <span class='ocrx_word' id='word_1_208' title='bbox 2597 3549 2719 3613; x_wconf 89' lang='lat' dir='ltr'><strong>De-</strong></span> 
     </span>
     <span class='ocr_line' id='line_1_31' title="bbox 579 3658 2718 3756; baseline -0.01 -17"><span class='ocrx_word' id='word_1_209' title='bbox 579 3675 816 3739; x_wconf 88' lang='lat' dir='ltr'><strong>liacum</strong></span> <span class='ocrx_word' id='word_1_210' title='bbox 854 3674 1127 3756; x_wconf 89' lang='lat' dir='ltr'><strong>fuisse,</strong></span> <span class='ocrx_word' id='word_1_211' title='bbox 1162 3673 1362 3736; x_wconf 86' lang='lat' dir='ltr'><strong>ullam</strong></span> <span class='ocrx_word' id='word_1_212' title='bbox 1404 3689 1728 3755; x_wconf 88' lang='lat' dir='ltr'><strong>gemmam</strong></span> <span class='ocrx_word' id='word_1_213' title='bbox 1771 3669 1882 3730; x_wconf 90' lang='lat' dir='ltr'><strong>aut</strong></span> <span class='ocrx_word' id='word_1_214' title='bbox 1925 3663 2358 3749; x_wconf 83' lang='lat' dir='ltr'><strong>margaritam,</strong></span> <span class='ocrx_word' id='word_1_215' title='bbox 2377 3658 2718 3743; x_wconf 90' lang='lat' dir='ltr'><strong>quicquam</strong></span> 
     </span>
     <span class='ocr_line' id='line_1_32' title="bbox 583 3772 2720 3861; baseline -0.01 -16"><span class='ocrx_word' id='word_1_216' title='bbox 583 3804 662 3845; x_wconf 86' lang='lat' dir='ltr'><strong>ex</strong></span> <span class='ocrx_word' id='word_1_217' title='bbox 698 3803 854 3845; x_wconf 88' lang='lat' dir='ltr'><strong>auro</strong></span> <span class='ocrx_word' id='word_1_218' title='bbox 892 3785 1003 3843; x_wconf 90' lang='lat' dir='ltr'><strong>aut</strong></span> <span class='ocrx_word' id='word_1_219' title='bbox 1040 3779 1232 3842; x_wconf 84' lang='lat' dir='ltr'><strong>ebore</strong></span> <span class='ocrx_word' id='word_1_220' title='bbox 1268 3777 1541 3859; x_wconf 87' lang='lat' dir='ltr'><strong>factum,</strong></span> <span class='ocrx_word' id='word_1_221' title='bbox 1578 3775 1836 3861; x_wconf 92' lang='lat' dir='ltr'><strong>signum</strong></span> <span class='ocrx_word' id='word_1_222' title='bbox 1873 3772 2080 3835; x_wconf 94' lang='lat' dir='ltr'><strong>ullum</strong></span> <span class='ocrx_word' id='word_1_223' title='bbox 2119 3774 2415 3848; x_wconf 68' lang='lat' dir='ltr'><strong>aeneum,</strong></span> <span class='ocrx_word' id='word_1_224' title='bbox 2451 3783 2720 3827; x_wconf 89' lang='lat' dir='ltr'><strong>marmo-</strong></span> 
     </span>
     <span class='ocr_line' id='line_1_33' title="bbox 578 3865 2721 3971; baseline -0.012 -18"><span class='ocrx_word' id='word_1_225' title='bbox 578 3910 789 3971; x_wconf 84' lang='lat' dir='ltr'><strong>reum,</strong></span> <span class='ocrx_word' id='word_1_226' title='bbox 845 3888 1225 3969; x_wconf 89' lang='lat' dir='ltr'><strong>eburneum,</strong></span> <span class='ocrx_word' id='word_1_227' title='bbox 1280 3905 1474 3969; x_wconf 90' lang='lat' dir='ltr'><strong>nego</strong></span> <span class='ocrx_word' id='word_1_228' title='bbox 1522 3883 1723 3945; x_wconf 89' lang='lat' dir='ltr'><strong>ullam</strong></span> <span class='ocrx_word' id='word_1_229' title='bbox 1768 3880 2087 3963; x_wconf 90' lang='lat' dir='ltr'><strong>picturam</strong></span> <span class='ocrx_word' id='word_1_230' title='bbox 2133 3897 2342 3959; x_wconf 90' lang='lat' dir='ltr'><strong>neque</strong></span> <span class='ocrx_word' id='word_1_231' title='bbox 2389 3872 2457 3933; x_wconf 87' lang='lat' dir='ltr'><strong>in</strong></span> <span class='ocrx_word' id='word_1_232' title='bbox 2500 3865 2721 3931; x_wconf 89' lang='lat' dir='ltr'><strong>tabula</strong></span> 
     </span>
     <span class='ocr_line' id='line_1_34' title="bbox 579 3969 2802 4080; baseline -0.013 -19"><span class='ocrx_word' id='word_1_233' title='bbox 579 4018 787 4080; x_wconf 89' lang='lat' dir='ltr'><strong>neque</strong></span> <span class='ocrx_word' id='word_1_234' title='bbox 859 3995 929 4059; x_wconf 91' lang='lat' dir='ltr'><strong>in</strong></span> <span class='ocrx_word' id='word_1_235' title='bbox 1000 3992 1238 4075; x_wconf 85' lang='lat' dir='ltr'><strong>textili,</strong></span> <span class='ocrx_word' id='word_1_236' title='bbox 1313 3989 1496 4074; x_wconf 91' lang='lat' dir='ltr'><strong>quin</strong></span> <span class='ocrx_word' id='word_1_237' title='bbox 1570 3985 2013 4070; x_wconf 88' lang='lat' dir='ltr'><strong>conquisierit,</strong></span> <span class='ocrx_word' id='word_1_238' title='bbox 2091 3978 2469 4065; x_wconf 82' lang='lat' dir='ltr'><strong>inspexerit,</strong></span> <span class='ocrx_word' id='word_1_239' title='bbox 2550 3969 2721 4055; x_wconf 83' lang='lat' dir='ltr'><strong>quod</strong></span> <span class='ocrx_word' id='word_1_240' title='bbox 2748 3991 2802 4031; x_wconf 76' lang='lat' dir='ltr'><strong>so</strong></span> 
     </span>
     <span class='ocr_line' id='line_1_35' title="bbox 580 4077 2721 4189; baseline -0.015 -18"><span class='ocrx_word' id='word_1_241' title='bbox 580 4104 889 4189; x_wconf 86' lang='lat' dir='ltr'><strong>placitum</strong></span> <span class='ocrx_word' id='word_1_242' title='bbox 941 4100 1052 4182; x_wconf 86' lang='lat' dir='ltr'><strong>sit,</strong></span> <span class='ocrx_word' id='word_1_243' title='bbox 1098 4097 1450 4163; x_wconf 89' lang='lat' dir='ltr'><strong>abstulerit.</strong></span> <span class='ocrx_word' id='word_1_244' title='bbox 1524 4094 1834 4178; x_wconf 86' lang='lat' dir='ltr'><strong>Magnum</strong></span> <span class='ocrx_word' id='word_1_245' title='bbox 1871 4090 2093 4154; x_wconf 86' lang='lat' dir='ltr'><strong>videor</strong></span> <span class='ocrx_word' id='word_1_246' title='bbox 2134 4088 2368 4169; x_wconf 81' lang='lat' dir='ltr'><strong>dicere3</strong></span> <span class='ocrx_word' id='word_1_247' title='bbox 2413 4077 2721 4148; x_wconf 87' lang='lat' dir='ltr'><strong>attendite</strong></span> 
     </span>
     <span class='ocr_line' id='line_1_36' title="bbox 578 4189 2720 4297; baseline -0.014 -20"><span class='ocrx_word' id='word_1_248' title='bbox 578 4213 801 4297; x_wconf 79' lang='lat' dir='ltr'><strong>etiam,</strong></span> <span class='ocrx_word' id='word_1_249' title='bbox 862 4229 1054 4294; x_wconf 90' lang='lat' dir='ltr'><strong>quem</strong></span> <span class='ocrx_word' id='word_1_250' title='bbox 1102 4206 1195 4270; x_wconf 85' lang='lat' dir='ltr'><strong>-ad</strong></span> <span class='ocrx_word' id='word_1_251' title='bbox 1241 4205 1504 4270; x_wconf 87' lang='lat' dir='ltr'><strong>modum</strong></span> <span class='ocrx_word' id='word_1_252' title='bbox 1553 4201 1778 4264; x_wconf 87' lang='lat' dir='ltr'><strong>dicam.</strong></span> <span class='ocrx_word' id='word_1_253' title='bbox 1870 4195 2022 4262; x_wconf 90' lang='lat' dir='ltr'><strong>Non</strong></span> <span class='ocrx_word' id='word_1_254' title='bbox 2068 4195 2239 4259; x_wconf 90' lang='lat' dir='ltr'><strong>enim</strong></span> <span class='ocrx_word' id='word_1_255' title='bbox 2286 4189 2466 4256; x_wconf 84' lang='lat' dir='ltr'><strong>verbi</strong></span> <span class='ocrx_word' id='word_1_256' title='bbox 2511 4205 2720 4267; x_wconf 86' lang='lat' dir='ltr'><strong>neque</strong></span> 
     </span>
    </p>
   </div>
  </div>
 </body>
</html>
