3175 4800
472 882 538 929 29

471 2271 538 2318 30

469 3877 534 3924 31

587 385 670 449 14
1079 384 1146 437 ΙΙ.
1186 384 1521 439 Abschnitte
1559 403 1661 439 aus
1700 387 1800 440 der
1835 388 1999 441 Actio
2036 388 2239 456 prima.

578 547 820 611 faceres
868 569 985 630 pro
1034 548 1377 613 innocente
1422 549 1686 614 homine
1733 554 1797 614 et
1842 548 2238 636 propinque,
2280 575 2425 618 cum
2465 561 2731 640 propter
2785 606 2798 621 .

578 652 909 717 hominem
991 654 1498 737 perditissimum
1577 661 1773 740 atque
1838 658 2299 724 alienissimum
2367 661 2443 724 de
2509 662 2725 727 officio

579 781 653 824 ac
699 760 1014 845 dignitate
1061 760 1317 826 decedis
1366 766 1431 827 et
1477 764 1857 847 committis,
1912 769 2013 848 ut,
2069 767 2242 849 quod
2288 767 2398 832 ille
2454 767 2726 852 dictitat,

579 866 798 949 alicui,
860 867 971 950 qui
1030 870 1094 932 te
1159 868 1444 953 ignoret,
1506 892 1731 934 verum
1792 891 1930 936 esse
1988 871 2324 938 videatur?
2384 873 2557 939 Nam
2603 856 2728 941 hob

577 972 845 1037 Verrem
894 973 1102 1039 dicere
1149 975 1437 1058 aiebant,
1483 980 1551 1040 te
1594 998 1729 1042 non
1773 978 1938 1061 fato,
1983 982 2058 1044 ut
2105 983 2349 1045 ceteros
2399 1003 2478 1045 ex
2513 987 2726 1047 vestra
2756 1004 2779 1044 5

577 1079 848 1163 familia,
921 1080 1034 1145 sed
1107 1104 1302 1166 opera
1337 1080 1341 1091 ⁴
1376 1104 1491 1147 sua
1565 1086 1896 1148 consulem
1961 1085 2223 1151 factum.
2315 1086 2460 1152 Duo
2528 1089 2727 1175 igitur

578 1188 872 1281 consules
938 1191 1003 1253 et
1065 1190 1392 1272 quaesitor
1451 1194 1641 1255 erunt
1706 1212 1785 1256 ex
1844 1192 2016 1257 illius
2073 1194 2453 1259 voluntate?
2546 1190 2727 1260 ‘Non

578 1295 786 1358 solum
863 1295 1241 1380 effugiemus
1252 1296 1294 1379 ,⁹
1358 1297 1599 1380 inquit,
1665 1298 2024 1363 ‘hominem
2079 1300 2148 1364 in
2205 1303 2567 1384 quaerendo
2631 1303 2725 1366 ni-

578 1401 780 1464 mium
818 1401 1221 1487 diligentem,
1249 1402 1518 1467 nimium
1562 1404 1945 1471 servientem
1979 1408 2208 1492 populi
2245 1408 2727 1492 existimationi,

576 1508 687 1572 M'.
719 1506 1031 1589 Glabrio
1048 1531 1241 1593 nem;
1287 1510 1561 1575 accedet
1627 1513 1820 1576 etiam
1880 1514 2069 1579 nobis
2125 1515 2313 1580 illud:
2373 1516 2568 1581 iudex
2616 1521 2725 1581 'est
2754 1538 2806 1576 ιο

574 1614 661 1679 M.
696 1613 1140 1700 Caesonius,
1187 1618 1436 1705 collega
1480 1620 1687 1684 nostri
1733 1621 2121 1687 accusatoris
2131 1672 2150 1705 ,
2185 1622 2382 1687 homo
2430 1624 2499 1688 in
2533 1624 2724 1688 rebus

576 1721 932 1787 iudicandis
990 1722 1315 1808 spectatus
1372 1730 1437 1789 et
1494 1727 1820 1810 cognitus,
1878 1750 2070 1812 quem
2117 1730 2382 1794 minime
2430 1730 2726 1814 expediat

578 1848 714 1893 esse
774 1830 843 1892 in
903 1851 978 1893 eo
1040 1831 1343 1914 consili0,
1404 1832 1575 1912 quod
1641 1854 1948 1897 conemur
2007 1836 2223 1917 aliqua
2281 1839 2531 1901 ratione
2592 1834 2725 1902 cor-

575 1958 901 2018 rumpere,
953 1939 1293 2019 propterea
1340 1936 1512 2018 quod
1559 1937 1689 2001 iam
1738 1944 1952 2022 antea,
2008 1962 2155 2004 cum
2203 1942 2396 2005 iudex
2440 1944 2509 2005 in
2553 1942 2724 2005 Iuni-

577 2065 699 2107 ano
748 2043 1016 2108 consilio
1064 2042 1324 2127 fuisset,
1370 2043 1816 2126 turpissimum
1856 2045 2016 2108 illud
2055 2045 2303 2109 facinus
2341 2069 2475 2110 non
2511 2047 2720 2110 solum
2753 2066 2801 2105 15

577 2135 858 2235 graviter
943 2150 1123 2234 tulit,
1197 2151 1308 2215 sed
1382 2151 1575 2216 etiam
1649 2152 1719 2215 in
1791 2151 2096 2214 medium'
2150 2151 2439 2234 protulit.
2530 2150 2722 2216 Hunc

577 2258 853 2322 iudicem
901 2245 1015 2321 'ex
1092 2257 1235 2322 Kal.
1286 2257 1535 2321 Ianuar.
1597 2280 1730 2322 non
1806 2258 2187 2322 habebimus
2200 2282 2220 2341 3.
2296 2256 2368 2334 Q.
2408 2258 2722 2322 Manlium

577 2368 641 2429 et
724 2364 796 2442 Q.
849 2362 1291 2447 Cornificium,
1390 2364 1549 2428 duos
1650 2365 2085 2430 severissimos
2175 2368 2367 2449 atque
2449 2366 2721 2452 integer·
2845 2453 2850 2461 ἱ

575 2473 773 2538 rimos
833 2472 1101 2551 iudices,
1178 2472 1348 2554 quod
1414 2470 1660 2535 tribuni
1722 2472 1929 2558 plebis
1995 2477 2137 2536 tum
2203 2477 2418 2555 erunt,
2451 2472 2721 2537 'iudices

575 2558 709 2643 non
797 2578 1206 2662 habebimus;
1315 2577 1384 2641 P.
1438 2575 1792 2662 Sulpicius,
1883 2579 2075 2642 iudex
2168 2578 2372 2643 tristis
2466 2581 2530 2643 et
2629 2580 2719 2643 in-
2750 2600 2802 2639 20

577 2690 782 2771 teger,
886 2685 1335 2769 magistratum
1435 2684 1610 2749 ineat
1708 2689 1964 2770 oportet
2059 2685 2267 2750 Nonis
2361 2685 2722 2769 Decembr.;

577 2792 658 2856 M.
682 2790 1054 2874 Crepereius
1094 2812 1174 2855 ex
1211 2791 1518 2855 acerrima
1545 2790 1660 2854 illa
1689 2792 1971 2874 equestri
1998 2793 2244 2856 familia
2273 2796 2337 2856 et
2366 2793 2723 2877 disciplina,

575 2899 644 2962 L.
677 2897 930 2962 Cassius
994 2920 1073 2962 ex
1130 2897 1377 2962 familia
1438 2920 1584 2962 cum
1633 2899 1714 2962 ad
1770 2903 2012 2964 ceteras
2057 2919 2188 2983 res,
2247 2903 2388 2963 tum
2436 2900 2516 2964 ad
2562 2901 2722 2964 iudi·

576 3004 849 3069 candum
911 3005 1339 3089 severissima,
1399 3003 1508 3069 Cn.
1538 3005 1948 3090 Tremellius,
2006 3005 2203 3070 homo
2267 3027 2518 3071 summa
2547 3027 2551 3031 *
2579 3008 2721 3071 reli-

575 3113 767 3198 gione
813 3115 879 3176 et
925 3112 1286 3198 diligentia,
1339 3116 1468 3177 tres
1516 3113 1586 3176 111
1631 3112 1926 3178 homines
1973 3117 2219 3177 veteres
2266 3113 2512 3177 tribuni
2558 3113 2721 3177 mili·
2749 3133 2799 3172 25

575 3224 743 3283 tares
791 3222 943 3282 sunt
989 3218 1334 3304 designati3
1382 3241 1469 3282 ex
1519 3218 1680 3282 Kal.
1718 3216 2016 3284 Ianuar.
2046 3241 2202 3283 non
2246 3219 2720 3284 iudicabunt.

577 3324 1059 3389 Subsortiemur
1129 3325 1324 3388 etiam
1397 3325 1467 3388 in
1536 3324 1622 3389 M.
1652 3324 1897 3390 Metelli
1977 3328 2258 3409 locum,
2297 3327 2600 3410 quoniam
2665 3327 2719 3390 is

574 3431 726 3495 huic
771 3430 897 3513 ipsi
943 3431 1306 3514 quaestioni
1361 3431 1772 3515 praefuturus
1821 3437 1934 3497 est.
2026 3431 2128 3496 Ita
2174 3432 2525 3497 secundum
2573 3432 2717 3496 Kal.

576 3537 822 3601 Ianuar.
870 3541 936 3601 et
997 3537 1322 3622 praetore*
1358 3543 1422 3603 et
1494 3561 1698 3623 prope
1770 3543 1910 3604 toto
1988 3540 2255 3605 consilio
2322 3543 2717 3604 commutato

576 3665 841 3730 magnas
916 3645 1303 3710 accusatoris
1369 3646 1574 3710 minas
1641 3668 2070 3732 magnamque
2142 3645 2363 3710 iudicii
2428 3650 2718 3731 expecta·
2747 3666 2799 3705 30

575 3753 817 3816 tionem
892 3752 973 3816 ad
1043 3756 1338 3817 nostrum
1413 3753 1751 3818 arbitrium
1823 3753 2285 3836 libidinemque
2349 3753 2721 3818 eludemus.'

575 3859 837 3924 Nonae
885 3862 1036 3923 sunt
1093 3859 1286 3924 hodie
1326 3858 1693 3944 Sextiles3
1758 3861 1918 3925 hora
1962 3885 2078 3926 vm
2126 3861 2465 3925 convenire
2513 3860 2721 3943 coepi-

576 3966 709 4030 stis.
773 3964 967 4031 Hunc
1014 3965 1183 4031 diem
1229 3967 1357 4030 iam
1403 3989 1486 4032 ne
1521 3971 1866 4032 numerant
1905 3967 2181 4051 quidem.
2247 3967 2520 4031 Decem
2558 3966 2718 4030 dies

575 4078 726 4139 sunt
781 4077 955 4139 ante
1009 4074 1233 4139 ludos
1288 4075 1623 4156 votivos,
1680 4096 1840 4157 quos
1890 4073 2000 4139 On.
2030 4073 2376 4158 Pompeius
2431 4073 2718 4138 facturus

574 4186 697 4266 est3
760 4182 832 4245 hi
892 4181 1038 4247 ludi-
1095 4181 1229 4256 dies
1295 4180 1661 4264 quindecim
1728 4181 2046 4263 auferent3
2110 4180 2337 4245 deinde
2411 4180 2717 4246 continuo
2748 4199 2799 4239 35
