3175 4800
1406 422 1588 470 151-
1605 422 1722 471 157.
2516 421 2642 485 115

491 580 899 645 naviculariis
945 580 1281 654 inimicum
1328 583 1521 662 atque
1567 578 1875 644 infestum
1911 581 2143 664 putari.
2216 580 2432 645 Meum
2470 581 2641 646 enim

494 688 737 752 crimen
782 687 1086 752 avaritiae
1131 690 1196 751 te
1241 686 1478 751 nimiae
1534 686 1855 772 coarguit,
1914 690 2027 751 tua
2074 686 2358 751 defensio
2405 686 2640 752 furoris

492 794 824 872 cuiusdam
875 792 963 859 'et
1039 794 1459 858 immanitatis
1543 797 1609 858 et
1690 794 2016 858 inauditae
2098 793 2493 858 crudelitatis
2578 799 2643 859 et
2713 802 2716 805 ⁴

490 922 695 984 paene
767 922 972 965 novae
1055 899 1562 984 proscriptionis,
1682 898 1809 964 Sed
1881 922 2015 965 non
2096 901 2250 966 licet
2329 923 2434 971 me
2513 902 2640 966 isto

440 991 675 1071 stanto
750 1006 953 1091 bono,
1024 1007 1295 1090 iudices,
1367 1008 1492 1090 uti,
1571 1029 1707 1071 non
1785 1007 1955 1072 licet.
2054 998 2368 1073 'Adsunt
2443 1009 2640 1072 enim

493 1111 804 1178 Puteoli
860 1114 1039 1197 toti3
1097 1109 1604 1197 frequentissimi
1663 1118 1975 1179 venerunt
2036 1114 2117 1178 ad
2161 1106 2287 1179 hoc
2332 1114 2639 1180 iudicium

492 1223 906 1304 mercatoreS,
941 1219 1234 1286 homines
1271 1222 1627 1305 locupletes
1665 1224 1860 1304 atque
1902 1220 2186 1303 honesti,
2233 1221 2361 1305 qui
2407 1222 2641 1304 partim

492 1326 748 1392 socios
815 1349 1022 1412 suos,
1074 1328 1322 1413 *partim
1380 1328 1678 1414 libertos,
1740 1328 1977 1413 partim
2044 1327 2432 1392 conlibertos
2498 1349 2641 1412 spo·

488 1433 680 1498 liatos
741 1435 819 1498 in
877 1432 1136 1500 vincla
1195 1433 1619 1518 coniectos,
1678 1429 1913 1518 partim
1973 1435 2044 1499 in
2087 1434 2315 1499 vinclis
2360 1438 2642 1518 necatos,

411 1565 463 1605 10
487 1541 728 1624 partim
774 1541 982 1606 securi
1027 1562 1364 1625 percussos
1411 1562 1549 1606 esse
1596 1542 1878 1606 dicunt.
1950 1540 2079 1606 Hic
2115 1541 2259 1605 vide
2296 1563 2492 1624 quam
2537 1553 2641 1605 'me

491 1647 578 1711 sis
638 1669 872 1713 usurus
925 1649 1171 1732 aequo(
1241 1645 1403 1712 Cum
1463 1668 1583 1732 ego
1633 1646 1703 1712 P.
1741 1643 2102 1711 Granium
2162 1650 2437 1711 teste-m
2496 1670 2641 1734 pro·

493 1754 762 1838 duxero,
820 1754 938 1838 qui
1002 1775 1152 1820 suos
1216 1750 1482 1819 libertos
1511 1751 1515 1758 ’
1548 1755 1662 1819 abs
1728 1758 1792 1819 te
1821 1754 2055 1819 -securi
2109 1774 2445 1838 percussos
2487 1750 2641 1819 esse

492 1860 690 1947 dicat,
732 1861 844 1945 qui
880 1862 994 1926 abs
1032 1865 1105 1926 te·
1133 1884 1361 1926 navem
1396 1858 1583 1926 ‘suam
1624 1882 1994 1945 mercesque
2030 1864 2308 1944 repetat,
2343 1861 2641 1945 refellito,

491 1967 546 2032 si
608 1967 877 2053 poteris3
943 1990 1160 2033 meum
1224 1970 1454 2033 testem
1522 1969 1838 2052 deseram,
1897 1960 2044 2032 tibi*
2076 1967 2307 2038 favebo
2317 2018 2337 2051 ,
2395 1971 2488 2052 te,
2546 1954 2640 2032 in-

410 2096 460 2135 15
490 2095 710 2158 quam,
770 2073 1115 2159 adiuvab03
1177 2072 1498 2139 ostendito
1546 2076 1694 2140 illos
1744 2096 1890 2142 cum
1938 2066 2239 2139 Sertorio
2271 2074 2497 2158 fuisse,
2559 2075 2638 2138 ab

487 2180 723 2246 Dianio
769 2182 1077 2266 fugientis
1127 2181 1206 2244 ad
1245 2180 1530 2245 Siciliam
1569 2202 1708 2268 esse
1747 2180 2011 2244 delatos.
2083 2179 2269 2244 Nihil
2306 2183 2430 2263 est,
2467 2168 2640 2264 quod

489 2290 555 2351 te
614 2288 874 2360 mallem
935 2287 1235 2370 probare3
1294 2288 1547 2351 nullum
1610 2288 1781 2353 enim
1840 2286 2118 2369 facinus,
2179 2286 2351 2369 quod
2398 2286 2639 2351 maiore

489 2394 809 2480 supplicio
880 2394 1147 2481 dignum
1232 2392 1343 2478 sit,
1413 2393 1680 2480 reperiri
1762 2411 1971 2479 neque
2053 2393 2325 2478 proferri
2407 2397 2636 2478 potest.

488 2500 867 2567 Reducem
932 2502 1210 2567 iterum
1278 2502 1617 2586 equitem
1679 2502 2098 2567 Romanum
2153 2501 2225 2566 L.
2262 2500 2640 2585 Flavium,

409 2629 460 2668 20
489 2609 543 2673 si
589 2610 793 2692 voles,
840 2610 1145 2693 quoniam
1193 2609 1405 2693 priore
1451 2611 1732 2696 actione,
1776 2612 1851 2674 ut
1896 2610 2154 2694 patroni
2188 2608 2288 2673 tui
2324 2598 2639 2692 dictitant,

486 2737 656 2781 nova
702 2714 977 2801 quadam
1025 2717 1366 2802 sapientia,
1410 2721 1486 2785 ut
1531 2738 1754 2782 omnes
1792 2717 2206 2802 intellegunt,
2248 2716 2639 2781 conscientia

486 2827 601 2886 tua
674 2826 866 2905 atque
940 2824 1321 2887 auctoritate
1394 2845 1704 2887 meorum·
1759 2823 2022 2886 testium
2088 2826 2318 2886 testem
2384 2823 2636 2886 nullum

487 2927 918 3013 interrogasti.
990 2926 1432 3012 Interrogetur
1467 2926 1756 3010 Flavius,
1793 2928 1849 2990 si
1885 2928 2060 2991 voles
2071 2976 2090 3010 ,
2137 2928 2399 3010 quinam
2444 2927 2640 2993 fuerit

487 3033 558 3097 L.
597 3031 991 3118 Herennius,
1063 3035 1120 3099 is
1196 3055 1389 3118 quem
1460 3034 1571 3098 ille
1648 3034 2074 3119 argentariam
2147 3032 2355 3117 Lepti·
2407 3033 2637 3099 fecisse

410 3161 460 3200 25
490 3140 672 3223 dicit3
733 3141 845 3224 qui
905 3163 1052 3206 cum
1113 3141 1390 3225 amplius
1451 3143 1710 3207 centum
1773 3140 1929 3205 civis
1986 3138 2311 3205 Romanos
2372 3130 2638 3205 haberet

489 3269 570 3312 ex
634 3251 955 3312 conventu
1021 3247 1450 3332 Syracusano,
1525 3246 1638 3329 qui
1710 3268 1856 3311 eum
1929 3268 2064 3311 non
2126 3248 2335 3311 solum
2402 3269 2637 3333 cogno-

488 3357 766 3440 scerent,
825 3354 937 3419 sed
996 3355 1188 3418 etiam
1246 3353 1654 3418 lacrimantes
1715 3375 1790 3418 ac
1847 3348 1912 3417 te
1973 3352 2366 3436 inplorantes
2424 3353 2637 3419 defen-

488 3460 739 3543 derent,
797 3464 1015 3529 tamen
1059 3460 1568 3545 inspectantibus
1618 3460 1915 3547 omnibus
1966 3459 2381 3545 Syracusanis
2429 3462 2636 3525 securi

486 3587 827 3649 percussus
866 3570 979 3633 est.
1053 3566 1247 3632 Hunc
1285 3588 1541 3653 quoque
1579 3571 1811 3632 testem
1850 3589 2066 3631 meum
2102 3566 2310 3632 refelli
2347 3572 2412 3631 et
2448 3567 2629 3631 illum

408 3693 461 3734 ao
486 3671 887 3738 Herennium
918 3671 1367 3739 Sertorianum
1403 3674 1602 3739 fuisse
1640 3675 1752 3739 abs
1801 3678 1864 3739 te
1911 3674 2335 3775 demonstrari
2381 3677 2445 3738 et
2489 3696 2634 3760 pro-

487 3779 629 3844 bari
673 3781 842 3847 volo,
2117 3795 2119 3798 ’

654 3877 849 3952 'Auch
883 3888 1180 3961 romische
1215 3888 1564 3971 Kauf'leute
1609 3889 1866 3954 wardan
1908 3894 2089 3953 anter
2131 3891 2251 3954 den
2285 3908 2636 3971 soyemmn-

481 3999 582 4058 ten
645 3991 1028 4061 Seerciubern
1089 3994 1516 4078 hinqerichtet;
1592 4017 1701 4060 um
1774 3997 1865 4061 sie
1935 3996 2106 4061 nicht
2177 3996 2479 4060 erkennen
2553 4016 2633 4059 zu

486 4100 715 4180 lassen,
774 4104 1034 4168 wurden
1089 4104 1181 4167 sie
1232 4102 1567 4168 verbulum
1612 4102 1910 4185 Hauptes
1952 4122 2096 4167 zum
2146 4103 2312 4166 Tode
2351 4101 2629 4183 yefzihrt;

406 4226 459 4268 ⁸5
487 4207 588 4272 die
637 4206 954 4292 Gefahren
999 4211 1103 4276 des
1152 4208 1392 4275 Meeres
1435 4209 1645 4275 hatten
1689 4211 1781 4275 sie
1819 4209 2121 4292 ylio’cklich
2159 4208 2514 4285 bestanden‚
2561 4208 2632 4270 in

2134 4329 2204 4382 8*

2681 917 2783 966 154

2679 2518 2780 2566 155

2674 3890 2774 3938 156

2674 3960 2772 4008 157
