3175 4800
599 400 726 464 126
1186 395 1280 449 IV.
1318 396 1404 449 De
1443 395 1752 463 suppliciis.
1812 395 2139 467 (Auswahl.)

595 568 912 643 quorum
979 582 1013 623 e
1078 560 1365 644 templo
1404 561 1834 642 ,quaestum
1898 559 2045 642 istc
2112 560 2366 626 sibiet
2437 556 2741 645 praedam

594 666 1115 751 inprobissimam
1163 665 1642 750 conparavit,
1698 686 2047 749 omnesque
2107 666 2200 750 di,
2258 667 2369 752 qui
2426 666 2741 733 vehiculis

591 778 917 839 tensarum
983 772 1311 838 sollemnis
1377 775 1616 837 coetus
1662 772 1965 837 ludorum
2005 773 2234 858 initis,
2289 780 2578 856 quorum‘
2617 774 2742 840 iter

591 881 714 945 iste
777 879 857 943 ad
918 900 1106 945 suum
1168 883 1505 964 quaestum
1515 928 1534 962 ,
1592 900 1726 944 non
1786 878 1864 943 ad
1922 880 2311 965 religionum
2358 880 2739 967 dignitatem

451 1005 551 1057 187
591 986 963 1070 faciundum
1056 985 1570 1072 exigendumque
1655 986 1931 1068 curavit,
2010 990 2268 1071 teque,
2351 986 2572 1052 Ceres
2664 992 2795 1052 et5

590 1093 898 1177 Libera,
979 1114 1251 1176 quarum
1318 1099 1533 1175 sacra,
1606 1092 1774 1157 sicut
1847 1092 2180 1178 opiniones
2253 1092 2592 1159 hominum
2664 1116 2739 1159 ac

589 1200 934 1287 religiones
979 1199 1224 1282 ferunt,
1268 1200 1463 1285 longe
1509 1199 1807 1264 maximis
1854 1203 2048 1283 atque
2096 1200 2546 1266 occultissimis
2603 1223 2739 1266 cae-

588 1307 880 1372 rimoniis
939 1307 1377 1389 continentur,
1437 1329 1475 1370 a
1535 1305 1770 1390 quibus
1828 1306 2014 1371 initia
2057 1307 2229 1372 vitae
2273 1310 2482 1391 atque.
2512 1308 2740 1392 victus,

591 1436 873 1496 morum,
942 1414 1201 1499 legum,
1234 1473 1243 1478 ,Α
1263 1412 1803 1496 mansuetudinis,
1873 1414 2294 1480 humanitatis
2367 1413 2736 1479 hominibus

592 1524 659 1584 et
722 1519 1092 1586 civitatibus
1157 1519 1307 1584 data
1370 1539 1445 1584 ac
1509 1519 1846 1606 dispertita
1900 1541 2038 1585 esse
2084 1520 2412 1603 dicuntur,
2466 1542 2736 1606 quarum
2770 1544 2825 1583 ιο

592 1648 772 1691 sacra
842 1627 1123 1711 populus
1197 1626 1543 1692 Romanus
1604 1649 1642 1691 a
1716 1624 1972 1694 Graecis
2048 1627 2291 1693 adscita
2355 1631 2420 1691 et
2477 1631 2742 1712 accepta

591 1737 774 1798 tanta
817 1733 1130 1818 religione
1176 1736 1242 1798 et
1275 1732 1544 1816 ,publice
1594 1737 1659 1800 et
1679 1734 2005 1820 privatim
2052 1739 2298 1818 tuetur,
2358 1738 2496 1799 non‘
2535 1738 2612 1798 ut
2656 1735 2736 1799 ab

590 1841 718 1905 illis
778 1839 907 1905 huc
967 1841 1190 1925 allata,
1248 1839 1359 1903 sed
1410 1844 1485 1906 ut
1540 1840 1767 1905 ceteris
1812 1840 1974 1921 ‘hinc
2018 1841 2255 1907 tradita
2301 1862 2438 1906 esse
2480 1840 2737 1906 videan-

586 1951 725 2028 tur,
766 1967 952 2029 quae
1011 1946 1092 2010 ab
1152 1946 1278 2012 isto
1339 1968 1470 2010 uno
1532 1947 1639 2014 sic·
1683 1948 1937 2031 polluta
1995 1968 2070 2013 ac
2126 1948 2370 2013 violata
2428 1952 2605 2031 sunt,
2665 1953 2738 2013 ut

591 2054 1005 2119 simulacrum
1053 2051 1300 2119 Cereris
1345 2075 1576 2136 unum,
1605 2052 1806 2136 ‘q'uod
1853 2077 1892 2121 a
1935 2054 2074 2118 viro
2119 2075 2255 2121 non
2298 2054 2491 2136 modo
2537 2056 2738 2140 tangi,
2767 2075 2819 2114 1⁵

590 2160 701 2225 sed
760 2183 841 2225 ne
904 2159 1105 2243 aspici
1162 2159 1423 2242 quidem
1483 2160 1580 2224 fas
1641 2159 1795 2244 fuit,
1858 2183 1893 2227 e
1957 2162 2234 2226 sacrario
2300 2160 2526 2227 Catina
2589 2168 2737 2228 con-

588 2268 954 2332 vellendum
993 2265 1539 2350 auferendumque
1568 2267 1912 2354 curaverit,
1950 2269 2222 2332 alterum
2261 2271 2477 2334 autem
2505 2268 2738 2334 Henna

470 2432 475 2435 .
580 2397 669 2441 >ex
700 2395 842 2441 >sua
901 2373 1049 2440 sede
1105 2395 1179 2441 ac
1235 2373 1426 2438 domo
1475 2374 1835 2459 sustulerit,
1890 2374 2064 2458 quod
2110 2379 2247 2440 erat
2290 2376 2448 2461 tale,
2505 2380 2580 2459 ut
2622 2376 2737 2442 ho-

588 2483 820 2566 mines,
881 2504 1048 2547 cum·
1073 2481 1392 2565 viderent,
1451 2484 1564 2547 aut
1623 2481 1832 2566 ipsam
1877 2481 2093 2549 videre
2154 2504 2223 2549 se
2270 2482 2565 2551 Cerei-em
2624 2491 2737 2550 aut

584 2590 870 2675 effigiem
919 2588 1173 2654 Cereris
1208 2596 1343 2655 n'on
1385 2588 1671 2655 humana
1716 2611 1913 2654 manu
1957 2589 2228 2674 factam,
2274 2590 2385 2659 sed
2433 2591 2510 2656 de
2558 2591 2731 2656 caelo
2762 2610 2817 2649 20

449 2712 550 2763 188
587 2698 834 2780 lapsam
898 2695 1385 2761 arbitrarentur:
1439 2717 1572 2760 vos
1640 2696 1834 2763 etiam
1885 2700 2087 2779 ¹atque
2153 2697 2367 2763 etiam.
2405 2698 2732 2780 imploro

589 2805 663 2866 et
717 2802 1055 2887 appelIO,
1112 2801 1650 2871 sanctissimae
1705 2802 1913 2887 deae,
1968 2825 2132 2888 quae
2177 2804 2324 2869 illos
2370 2802 2731 2873 Hennensis

585 2911 763 2975 lacus
825 2911 1136 2994 lucosque
1194 2909 1475 2974 incolitis
1541 2912 1936 2995 cunctaeque
2000 2908 2283 2995 Siciliae,
2348 2932 2511 2994 quae
2574 2911 2735 2977 mihi

584 3015 984 3081 defendenda
1055 3015 1292 3080 tradita
1365 3020 1490 3099 est,
1561 3017 1966 3100 praesidetis,
2038 3039 2076 3080 a
2150 3017 2381 3101 quibus
2452 3019 2732 3084 inventis

585 3123 880 3208 frugibus
943 3127 1008 3187 et
1064 3123 1134 3187 in
1195 3123 1414 3188 orbem
1470 3125 1786 3189 terrarum
1833 3123 2191 3189 distributis
2238 3142 2459 3194 omnes
2505 3129 2731 3210 gentes
2762 3143 2815 3182 2⁵

588 3252 661 3294 ac
705 3230 998 3294 nationes
1035 3229 1232 3293 vestri
1276 3229 1587 3313 religione
1632 3231 1914 3297 numinis
1953 3232 2388 3315 continentur;
2435 3235 2731 3298 ceteros

587 3337 770 3400 item
817 3337 991 3399 deos
1041 3335 1317 3417 deasque
1364 3356 1585 3400 omnes
1633 3337 1961 3421 imploro
2024 3342 2098 3402 et
2157 3338 2530 3421 obtestor,
2579 3360 2733 3422 quo-

584 3465 730 3507 rum
789 3441 1048 3526 templis
1110 3444 1175 3505 et
1231 3442 1653 3527 religionibus
1713 3443 1835 3508 iste
1889 3444 2132 3511 nefario
2192 3446 2471 3529 quodam
2515 3445 2731 3512 furore

587 3553 653 3614 et
697 3548 962 3614 audacia
1006 3548 1349 3613 instinctus
1395 3548 1641 3614 bellum
1689 3552 2071 3638 sacrilegum
2119 3574 2372 3636 semper
2428 3552 2728 3637 impium-

588 3679 712 3741 que
774 3657 1003 3722 habuit
1065 3655 1407 3739 indictum,
1466 3661 1576 3739 ut,
1636 3657 1693 3722 si
1749 3658 1819 3722 in
1876 3657 2002 3723 hoc
2059 3681 2169 3723 reo
2231 3663 2428 3742 atque
2482 3661 2552 3727 in
2609 3660 2731 3725 hac
2760 3675 2814 3715 ³⁰

588 3784 778 3827 causa
851 3763 1066 3828 omnia
1141 3785 1285 3828 mea
1364 3764 1632 3828 consilia
1697 3765 1777 3829 ad
1850 3766 2125 3829 salutem
2199 3766 2558 3850 sociorum,
2641 3767 2732 3830 di-

587 3869 899 3954 gnitatem
944 3870 1038 3933 rei
1083 3870 1407 3954 publicae,
1452 3871 1648 3935 fidem
1694 3894 1903 3936 meam
1952 3873 2434 3956 spectaverunt,
2487 3874 2547 3938 si
2590 3875 2730 3938 nul-

584 3976 715 4040 lam
771 3976 855 4040 ad
909 3998 1047 4041 rem
1105 3977 1231 4041 nisi
1291 3978 1370 4041 ad
1431 3978 1718 4043 officium
1780 3982 1844 4043 et
1901 3978 2209 4044 virtutem
2270 4001 2492 4045 omnes
2552 4002 2730 4046 meae

587 4104 802 4166 curae,
871 4083 1130 4168 vigiliae
1195 4084 1747 4169 cogitationesque
1811 4086 2250 4170 elaborarunt,
2315 4109 2503 4170 quae
2565 4109 2677 4151 me
2694 4109 2731 4151 a

584 4209 790 4254 mens
836 4190 906 4254 in
951 4190 1356 4274 suscipienda
1402 4212 1594 4255 causa
1638 4192 1815 4276 fuit,
1860 4193 2018 4258 fides
2055 4195 2125 4258 in
2161 4194 2435 4280 agenda,
2472 4193 2728 4259 eadem
2760 4206 2811 4253 85
