3175 4800
597 410 725 476 100
907 486 918 496 .
1188 406 1280 460 IV.
1320 407 1403 461 De
1442 405 1753 475 suppliciis.
1811 405 2138 476 (Auswahl.)

594 571 1018 637 semisomnus
1075 573 1389 655 stuperet,
1444 593 1622 634 arma
1677 569 1968 652 capiunt,
2021 572 2232 634 totum
2288 568 2503 634 forum
2551 573 2745 653 atque

593 678 906 762 Insulam,
962 700 1125 762 quae
1186 682 1283 742 est
1341 677 1518 742 urbis
1580 698 1816 762 magna
1860 697 2038 760 pars,
2094 672 2512 767 complente<s
2527 676 2743 742 Unam

593 786 772 849 illam
836 788 1094 849 noctem
1150 785 1354 849 solam
1417 784 1771 868 praedones
1839 785 1920 849 ad
1984 782 2299 848 Helorum
2347 785 2746 868 commorati,

476 918 489 929 ·
595 914 740 957 cum
795 891 1104 957 fumantis
1163 891 1356 955 etiam
1412 895 1665 956 nostras
1712 913 1906 956 naves
1953 890 2392 975 reliquissent,
2447 891 2744 957 accedere

593 999 909 1083 incipiunt
968 996 1343 1082 Syracusas;
1404 999 1514 1081 qui
1572 998 1872 1064 videlicet
1936 1019 2125 1082 saepe
2190 998 2518 1063 audissent
2578 999 2801 1064 nihils

595 1127 732 1170 esse
777 1101 1131 1190 pulchrius=
1159 1126 1352 1189 quam
1401 1103 1863 1190 Syracusarum
1911 1105 2166 1170 moenia
2211 1126 2285 1169 ac
2329 1109 2574 1189 portus,
2620 1110 2745 1171 sta-

593 1216 851 1277 tuerant
897 1234 993 1296 se,
1038 1212 1094 1277 si
1140 1234 1214 1277 ea
1250 1211 1452 1277 Verre
1499 1215 1793 1296 praetore
1838 1234 1972 1276 non
2006 1212 2346 1295 vidissent,
2390 1234 2743 1296 numquam

489 1338 556 1386 96
595 1341 733 1385 esse
778 1319 1047 1385 visuros.
1132 1317 1230 1384 Ac
1268 1319 1476 1402 primo
1526 1320 1607 1383 ad
1652 1320 1765 1383 illa
1803 1319 2045 1384 aestiva
2080 1319 2393 1402 praetoris
2433 1320 2743 1386 accedunt

593 1427 804 1511 ipsam
848 1426 1029 1491 illam
1069 1426 1150 1490 ad
1185 1430 1435 1509 partem
1471 1426 1711 1509 litoris,
1756 1426 1869 1491 ubi
1906 1426 2029 1490 iste
2065 1449 2181 1510 per
2218 1448 2325 1492 eos
2366 1427 2498 1492 dies
2535 1428 2741 1491 taber-

594 1533 841 1598 naculis
894 1533 1124 1617 positis
1173 1537 1381 1599 castra
1426 1533 1714 1598 luxuriae
1764 1535 2148 1599 conlocarat.
2242 1533 2445 1610 Quem
2493 1537 2741 1619 postea·
2773 1557 2827 1595 ιο

598 1662 790 1724 quam
837 1640 1094 1704 inanem
1148 1641 1367 1705 locum
1416 1639 1821 1705 offenderunt
1868 1645 1932 1705 et
1978 1646 2339 1725 praetorem
2387 1662 2743 1707 commosse

595 1770 675 1812 ex
734 1769 809 1812 eo
868 1749 1013 1812 loco
1075 1751 1283 1812 castra
1342 1751 1705 1830 senserunt,
1764 1749 1983 1813 statim
2045 1748 2181 1813 sine
2236 1749 2370 1813 ullo
2438 1752 2614 1814 metu
2674 1748 2744 1812 in

595 1855 808 1938 ipsum
856 1858 1117 1937 portum
1155 1858 1489 1938 penetrare
1528 1859 1895 1939 coeperunt.
1981 1854 2141 1920 Cum
2178 1856 2249 1920 in
2283 1859 2545 1939 portum
2583 1856 2744 1940 dico,

594 1960 885 2044 iudices,
919 1959 1424 2049 (explanandum
1483 1965 1580 2026 est
1626 1962 1797 2026 enim
1846 1962 2218 2048 diligentius
2266 1986 2485 2028 eorum
2534 1984 2742 2033 causa,

596 2068 707 2151 qui
752 2068 968 2132 locum
1026 2065 1355 2155 ignorant)
1415 2068 1494 2133 in
1556 2069 1817 2133 urbem
1874 2068 2043 2134 dico
2106 2072 2331 2152 atque
2389 2069 2467 2132 in
2527 2067 2737 2132 urbis
2770 2092 2823 2132 15

595 2176 966 2240 intumam
1020 2180 1315 2259 partem
1369 2176 1674 2241 venisse
1729 2176 2041 2260 piratas.
2131 2176 2285 2241 Non
2331 2175 2502 2240 enim
2546 2179 2742 2260 portu

596 2283 758 2346 illud
805 2283 1112 2366 oppidum
1160 2283 1506 2366 clauditur,
1552 2283 1665 2348 sed
1710 2282 1870 2347 urbe
1915 2287 2141 2367 portus
2186 2284 2325 2367 ipse
2363 2283 2643 2369 cingitur
2680 2286 2744 2347 et

598 2389 989 2471 continetur,
1045 2393 1118 2455 ut
1173 2412 1307 2455 non
1361 2391 1707 2456 adluantur
1752 2391 1914 2456 mari
1961 2392 2215 2456 moenia
2261 2395 2573 2475 extrema,
2632 2390 2743 2456 sed

492 2514 557 2562 97
596 2498 734 2582 ipse
805 2498 1036 2562 influat
1106 2498 1177 2562 in
1248 2498 1426 2563 urbis
1501 2499 1715 2563 sinum
1779 2502 2023 2583 portus.
2131 2498 2258 2564 Hic
2322 2502 2387 2564 te
2450 2501 2743 2583 praetore

596 2604 909 2669 Heracleo
968 2604 1177 2687 pirata
1236 2628 1382 2670 cum
1450 2609 1758 2689 quattuor
1816 2606 2319 2689 myoparonibus
2384 2605 2597 2689 parvis
2663 2604 2743 2669 ad
2771 2627 2826 2667 so

597 2710 933 2775 arbitrium
981 2733 1167 2775 suum
1215 2713 1560 2799 navigavit.
1635 2712 1760 2777 Pro
1810 2712 1876 2777 di
1919 2713 2346 2778 immortales!
2428 2712 2741 2777 Piraticus

598 2839 936 2902 myoparo,
991 2839 1136 2883 cum
1191 2820 1444 2904 imperii
1498 2820 1728 2904 populi
1782 2819 2059 2885 Romani
2114 2842 2353 2885 nomen
2408 2814 2482 2884 ac
2540 2820 2741 2884 fasces

600 2929 811 2991 essent
858 2923 1220 3011 Syracusis,
1275 2949 1479 3011 usque
1534 2927 1615 2992 ad
1669 2928 1883 2992 forum
1932 2926 2481 3011 Syracusanorum
2538 2931 2603 2991 et
2657 2925 2744 2989 ad

599 3033 843 3098 omnis
900 3034 1333 3118 crepidines
1389 3035 1603 3100 urbis
1660 3035 2015 3119 accessit,
2076 3056 2221 3118 quo
2282 3054 2524 3117 neque
2572 3031 2743 3096 Oar-

598 3139 1207 3225 thaginiensium
1256 3141 1756 3226 gloriosissimae
1804 3142 2118 3225 classes,
2165 3163 2311 3207 cum
2348 3139 2510 3202 mari
2545 3137 2741 3222 pluri·
2771 3159 2826 3200 π

599 3268 777 3309 mum
806 3251 1123 3330 poterant,
1151 3247 1370 3311 multis
1392 3249 1577 3313 bellis
1601 3271 1789 3333 saepe
1811 3252 2076 3313 conatae
2095 3269 2402 3331 umquam
2422 3245 2745 3330 adspirare

599 3355 950 3436 potuerunt
1008 3374 1252 3436 neque
1298 3356 1571 3438 populi
1619 3355 1940 3420 Romani
1987 3355 2227 3420 invicta
2273 3358 2420 3419 ante
2457 3357 2523 3419 te
2568 3375 2747 3437 prae-

600 3463 805 3523 torem
836 3459 1088 3544 gloria
1119 3460 1233 3525 illa
1260 3461 1504 3526 navalis
1534 3485 1843 3547 umquam
1873 3464 1974 3526 tot
1996 3461 2256 3527 Punicis
2279 3460 2747 3525 Siciliensibus-

603 3588 725 3650 que
754 3566 942 3631 bellis
972 3572 1305 3650 penetrare
1334 3569 1575 3652 potuit3
1616 3569 1727 3652 qui
1754 3570 1935 3634 locus
1966 3568 2102 3632 eius
2130 3567 2306 3631 modi
2336 3569 2458 3651 est,
2493 3569 2569 3632 ut
2597 3571 2746 3631 ante

602 3671 985 3756 Syracusani
1004 3674 1073 3738 in
1092 3676 1428 3740 moenibus
1449 3676 1602 3760 suis,
1621 3676 1690 3740 in
1707 3677 1885 3760 urbe,
1902 3677 1973 3740 in
1990 3676 2132 3741 foro
2152 3674 2408 3738 hostem
2429 3677 2744 3738 armatum
2775 3693 2830 3734 so

603 3801 675 3843 ac
713 3780 1024 3845 victorem
1064 3803 1257 3865 quam
1295 3782 1364 3846 in
1390 3786 1584 3866 portu
1622 3784 1823 3847 ullam
1859 3783 2147 3848 hostium
2186 3804 2417 3847 navem
2454 3781 2747 3845 viderint.

477 3915 545 3965 98
781 3886 1045 3951 Piraten
1101 3888 1327 3970 fuhren
1388 3890 1459 3953 in
1513 3891 1633 3954 den
1672 3890 1922 3972 yrofisen
1969 3889 2190 3971 Hafen
2202 3939 2221 3973 ,
2280 3890 2391 3954 der
2442 3889 2601 3954 eiust
2642 3888 2750 3951 der

461 3984 563 4090 ,¹³32
601 3991 977 4077 Schauplatz
1004 3995 1112 4059 der
1128 3994 1539 4061 Heldentaten
1566 3999 1677 4061 der
1704 3996 1994 4080 Athener,
2025 3997 2255 4079 fuhren
2283 3997 2385 4061 die
2409 3993 2750 4060 romischen

599 4099 897 4167 Soldaten
932 4102 1318 4166 verhbhnend
1352 4125 1440 4168 an
1476 4106 1586 4169 der
1614 4103 1786 4169 Insel
1822 4103 2049 4185 vorbei,
2087 4105 2216 4185 auf
2241 4104 2351 4167 der
2384 4102 2525 4168 kein
2558 4098 2751 4185 Syra-

599 4210 871 4274 kusaner
914 4208 1170 4275 wolmen
1216 4211 1438 4292 durfte.
2779 4226 2832 4267 εις
