3175 4800
552 387 637 452 92
783 468 790 474 ·
1148 383 1242 437 IV.
1281 384 1365 437 De
1403 382 1713 452 suppliciis
1772 383 2100 453 (Auswahl.)

445 614 455 626 .
552 547 910 613 custodiam
967 546 1272 630 dedisset,
1326 546 1464 611 fore
1519 549 1594 610 ut
1640 570 1679 611 a
1731 546 1954 611 multis
2010 547 2080 612 in
2132 546 2464 612 lautumiis
2511 570 2700 612 verus

549 655 660 720 ille
734 654 866 718 dux
938 658 1364 739 quaereretur.
1481 652 1710 737 Itaque
1791 653 2121 719 hominem
2193 653 2345 750 huic
2420 654 2702 738 optimae

551 762 1064 845 tutissimaeque
1102 761 1429 827 custodiae
1488 784 1623 826 non
1683 762 1875 826 audet
1937 761 2366 845 committere,
2426 761 2700 845 denique

362 859 365 862 ’
451 961 454 964 Δ
529 868 901 964 1857130111130
974 872 1145 934 totas
1217 869 1432 953 timet,
1505 869 1860 933 amendat
1932 868 2315 934 hominem
2377 906 2461 914 —
2529 869 2702 951 quo‘?

448 1426 514 1474 70

550 977 932 1063 Lilybaeum
987 977 1304 1042 fortasse?
1393 976 1630 1060 Vide03
1689 980 1909 1040 tamen
1966 976 2259 1041 homines
2320 976 2697 1041 maritumos
2730 995 2755 1035 5

550 1106 684 1149 non
755 1085 946 1169 plane
1017 1084 1410 1149 reformidat.
1528 1084 1824 1167 Minime,
1896 1084 2168 1161 iudices.
2261 1083 2700 1149 Panhormum

550 1191 792 1277 igitur?
881 1190 1124 1276 Audio;
1182 1214 1572 1275 quamquam
1622 1190 1982 1276 Syracusis,
2039 1191 2345 1274 quoniam
2398 1190 2469 1255 in
2515 1189 2701 1275 Syra-
2775 1200 2791 1222 '

552 1320 789 1366 cusano
852 1303 1077 1383 captus
1139 1301 1301 1382 erat,
1360 1316 1710 1380 maxume,
1748 1297 1802 1361 si
1858 1297 2070 1361 minus
2128 1297 2445 1381 supplicio
2494 1297 2702 1380 adfici,

552 1409 619 1470 at
694 1405 1003 1471 custodiri
1068 1405 1424 1489 oportebat.
1513 1404 1617 1469 Ne
1681 1403 2121 1468 Panhormum
2188 1405 2464 1487 quidem.
2551 1404 2698 1482 Quo
2749 1404 2777 1416 ⁸

550 1512 793 1598 igitur?
864 1493 1025 1590 'Quo
1074 1510 1363 1596 putatis?
1434 1510 1552 1592 Adv
1572 1511 1880 1590 ‚homines
1930 1535 1967 1576 a
2011 1511 2365 1596 piratarum
2413 1514 2591 1576 metu
2638 1515 2701 1576 et
2731 1534 2783 1573 10

550 1620 914 1705 suspicione
970 1618 1425 1703 alienissimos,
1480 1642 1517 1683 a
1561 1619 1926 1705 navigando
1972 1621 2293 1703 rebusque
2339 1618 2698 1684 maritumis

549 1728 1048 1810 remotissimos,
1111 1725 1837 1819 ad‘Oenturipinos,
1895 1726 2190 1791 homines
2247 1726 2525 1791 maxime
2573 1749 2700 1790 me-

551 1835 972 1916 diterraneos,
1019 1854 1304 1897 summos
1345 1835 1656 1914 aratores,
1695 1833 1807 1916 qui
1843 1855 2083 1898 nomen
2116 1856 2472 1917 numquam
2509 1833 2700 1897 timu·
2746 1881 2757 1890 .

445 2008 458 2019 ,
549 1942 752 2005 issent
797 1939 1126 2006 maritumi
1171 1939 1540 2022 praedonis,
1596 1961 1799 2003 unum
1846 1944 1911 2003 te
1957 1942 2253 2024 praetore
2298 1939 2699 2003 horruissent

548 2046 940 2132 Apronium,
992 2050 1360 2111 terrestrem
1417 2044 1886 2129 archipiratam.
1978 2041 2068 2111 Et
2103 2049 2196 2110 =ut
2253 2046 2461 2128 quivis
2508 2045 2696 2109 facile
2728 2066 2777 2127 ις,

502 2188 506 2192 -
548 2156 938 2240 perspiceret
982 2154 1049 2218 id
1096 2154 1176 2218 ab
1214 2152 1339 2218 isto
1379 2156 1596 2218 actum
1634 2174 1799 2236 esse,
1843 2155 1919 2216 ut
1954 2152 2063 2217 ille
2101 2152 2473 2237 suppositus
2509 2144 2698 2217 facile

480 2319 484 2323 Α
550 2267 615 2338 et
658 2262 936 2327 libenter
971 2283 1039 2326 se
1076 2261 1287 2345 illum,
1335 2261 1447 2344 qui
1483 2283 1618 2326 non
1655 2263 1819 2345 erat,
1856 2280 1993 2324 esse
2031 2260 2389 2342 simularet,
2425 2259 2701 2343 imperat

445 2604 507 2651 71

551 2368 1012 2454 CenturipiniS,
1058 2370 1132 2433 ut
1177 2368 1230 2438 is
1278 2367 1456 2433 victu
1504 2367 1861 2452 ceterisque
1907 2367 2099 2433 rebus
2150 2389 2343 2452 quam
2388 2366 2699 2432 liberalis-

550 2500 731 2544 sume
780 2476 1445 2558 commodissumeque
1492 2475 1922 2540 adhiberetur.

727 2584 980 2650 Interea
1041 2582 1452 2668 Syracusani,
1509 2581 1805 2646 homines
1866 2580 2059 2666 periti
2113 2585 2195 2647 et·
2231 2581 2528 2667 humani,
2585 2583 2695 2666 qui
2724 2604 2775 2644 20

549 2674 683 2757 non
719 2691 910 2756 modo
951 2714 1052 2774 ea,
1099 2712 1262 2773 quae
1297 2688 1639 2774 perspicua
1677 2694 1917 2773 essent,
1963 2689 2206 2773 videre,
2242 2712 2466 2754 verum
2503 2691 2696 2754 etiam

467 2876 473 2881 ,
548 2800 805 2873 >occulta
851 2797 1163 2881 suspicari
1207 2799 1500 2882 possent,
1544 2796 1872 2861 habebant
1916 2796 2233 2866 rationem
2281 2818 2502 2861 omnes
2542 2796 2698 2861 coti-

552 2907 654 2972 die
701 2907 1085 2991 piratarum,
1150 2904 1262 2988 qui
1316 2903 1525 2969 securi
1577 2903 1950 2988 ferirentur3
2016 2926 2209 2987 quam
2265 2904 2504 2968 multos
2561 2925 2697 2968 esse

552 3016 905 3099 oporteret,
979 3036 1060 3077 ex
1121 3012 1263 3097 ipso
1328 3011 1617 3097 navigio,
1693 3012 1863 3095 quod
1931 3016 2066 3076 erat
2131 3015 2418 3094 captum,
2459 3014 2556 3089 ⁸et
2619 3033 2698 3074 ex

548 3143 874 3186 remorum
936 3142 1205 3185 numero
1273 3118 1694 3198 coniciebant.
1803 3116 1962 3201 Iste,
2036 3105 2209 3200 quod
2274 3115 2509 3199 omnis,
2584 3116 2695 3198 qui
2724 3136 2776 3176 25

451 3276 458 3281 -
548 3228 805 3292 artificii
850 3227 1094 3311 aliquid
1128 3226 1488 3291 habuerant
1525 3220 1651 3291 aut'
1672 3225 1944 3306 formae,
1991 3224 2369 3306 abduxerat,
2411 3223 2695 3311 reliquos

445 3993 510 4041 72

550 3334 632 3418 si,
676 3336 751 3397 ut
801 3332 1196 3398 consuetudo
1246 3337 1370 3415 est,
1415 3333 1749 3398 universos
1797 3332 1877 3397 ad
1913 3332 2135 3416 palum
2173 3331 2526 3417 alligasset,
2574 3331 2731 3395 cla-·

548 3463 794 3506 morem
831 3440 1060 3525 populi
1094 3439 1234 3505 fore
1272 3439 1747 3524 suspicabatur,
1785 3460 1932 3503 cum
1969 3441 2150 3502 tanto
2190 3440 2404 3521 plures
2435 3437 2696 3517 abducti

550 3553 762 3615 essent
809 3571 1001 3633 quam
1046 3549 1280 3632 relicti;
1326 3551 1593 3632 propter
1625 3546 1793 3611 hanc
1831 3566 2088 3610 causam
2123 3567 2273 3610 cum
2309 3543 2696 3608 instituisset

551 3658 735 3740 alios
770 3658 896 3721 alio
956 3660 1246 3741 tempore
1303 3654 1683 3739 producere,
1740 3658 1959 3718 tamen
2011 3653 2081 3717 in
2134 3656 2317 3717 tanto
2374 3655 2696 3717 conventu
2724 3671 2777 3710 30

547 3786 738 3829 nemo
795 3768 957 3847 erat,
1013 3764 1171 3848 quin
1222 3764 1537 3828 rationem
1592 3783 2059 3845 numerumque
2112 3760 2380 3825 haberet
2435 3763 2500 3824 et
2553 3760 2697 3825 reli·

551 3891 711 3954 quos
767 3892 900 3934 non
946 3870 1330 3934 desideraret
1377 3872 1634 3953 solum,=
1672 3870 1783 3934 sed
1830 3870 2024 3934 etiam
2069 3871 2362 3952 posceret
2406 3869 2472 3932 et
2516 3866 2695 3951 flagi-

550 3981 732 4043 taret.
825 3976 985 4042 Cum
1047 3996 1318 4063 magnus
1377 3999 1683 4042 numerus
1746 3977 2018 4059 deesset,
2082 3980 2222 4040 tum
2286 3975 2434 4038 iste
2495 3972 2692 4037 homo

549 4085 829 4150 nefarius
885 4085 955 4148 in
1009 4107 1230 4149 eorum
1283 4086 1527 4169 locum,
1588 4105 1748 4168 quos
1805 4083 2069 4148 domum
2116 4104 2295 4146 suam
2346 4081 2423 4145 de
2468 4080 2693 4165 piratis

551 4192 929 4276 abduxerat,
989 4192 1463 4256 substituere
1529 4194 1608 4256 et
1672 4212 2104 4274 supponere
2169 4189 2426 4272 coepit
2489 4188 2693 4252 cives
2724 4206 2774 4246 35

3148 1276 3157 1287 ·
3143 633 3163 1208 „nr—-ssa„.1u--0-“-··
3137 539 3163 594 'Q
