3175 4800
1412 414 1559 463 29—
1575 416 1660 464 33.
1851 458 1856 463 .
2520 414 2603 478 31

465 573 651 639 ‘Cum
717 573 1047 657 sederem',
1109 574 1349 658 inquit,
1409 573 1610 638 ‘domi
1669 574 1901 657 tristis,
1947 574 2223 639 accurrit
2267 573 2612 657 Venerius3

460 682 643 746 iubet
688 704 801 746 me
848 681 1182 766 scyphos
1229 681 1626 766 sigillatos
1675 681 1754 745 ad
1799 685 2162 766 praetorem
2223 682 2442 746 statim
2503 680 2608 746 ad-

463 789 645 852 ferre.
738 787 1077 852 Permotus
1152 787 1340 870 sum',
1412 788 1650 871 inquit3
1725 788 1935 852 ‘binos
2007 788 2352 873 habebam3
2417 789 2609 853 iubeo

463 894 675 979 promi
719 899 1056 978 utrosque,
1099 916 1182 959 ne
1230 893 1385 978 quid
1430 896 1577 978 plus
1624 895 1780 959 mali
1814 900 2208 978 nasceretur,
2255 901 2321 959 et
2355 916 2609 960 mecum

412 1022 436 1063 ⁵
465 998 545 1065 ad
581 1000 896 1085 praetoris
935 1002 1199 1066 domum
1235 1001 1405 1065 ferri.
1477 1001 1577 1065 Eo
1617 1023 1764 1066 cum
1792 1002 2001 1085 venio,
2036 1007 2295 1087 praetor
2330 1002 2611 1085 quiesce-

464 1107 602 1191 bat3
674 1108 903 1173 fratres
977 1109 1073 1173 illi
1139 1106 1477 1192 Cibyratae
1539 1109 2048 1173 inambulabant.
2140 1106 2266 1185 Qui
2329 1132 2432 1173 me
2494 1109 2610 1174 ubi
2676 1099 2689 1109 ’

463 1213 787 1279 viderunt:
853 1214 1042 1281 “Ubi
1105 1220 1284 1298 sunt,
1346 1215 1761 1299 Pamphile”‚
1822 1216 2152 1299 inquiunt,
2226 1215 2611 1300 e‘scyphi‘P'’

465 1318 750 1385 Ostendo
821 1322 1025 1388 tristis
1034 1346 1053 1408 5
1124 1323 1408 1388 laudant.
1497 1321 1746 1407 Incipio
1809 1321 1990 1403 queri
2047 1343 2152 1385 me
2207 1323 2374 1386 nihil
2430 1323 2610 1387 habi-

464 1430 709 1510 turum,
769 1430 942 1512 quod
986 1430 1255 1495 alicuius
1304 1435 1472 1495 esset
1512 1429 1734 1512 pretii,
1788 1429 1843 1493 si
1886 1428 2079 1493 etiam
2127 1430 2354 1514 scyphi
2399 1435 2613 1495 essent

387 1559 438 1597 ιο
465 1534 681 1599 ablati.
755 1535 922 1600 Tum
968 1538 1093 1620 illi,
1136 1538 1252 1601 ubi
1296 1560 1400 1601 me
1440 1537 1898 1601 conturbatum
1942 1536 2189 1600 vident:
2237 1536 2467 1613 “Quid
2512 1537 2609 1600 vis

463 1641 651 1706 nobis
713 1642 890 1726 dare,
947 1648 1023 1707 ut
1081 1644 1192 1707 isti
1251 1644 1364 1708 abs
1424 1647 1490 1708 te
1547 1666 1631 1708 ne
1679 1642 2147 1707 auferantur?”
2237 1642 2341 1708 Ne
2388 1644 2612 1726 multa,

464 1746 585 1811 HS
637 1748 707 1812 M
780 1749 937 1833 me',
1007 1750 1247 1833 inquit,
1331 1750 1826 1835 ‘poposcerunt3
1909 1749 2042 1813 dixi
2111 1771 2217 1813 me
2291 1749 2608 1814 daturum.

466 1853 677 1919 Vocat
733 1856 979 1922 interea
1032 1860 1319 1941 praetor,
1377 1858 1588 1942 poscit
1648 1855 1971 1941 scyphos?
2063 1855 2230 1920 Tum
2276 1857 2424 1921 illos
2472 1879 2611 1922 eoe-

465 1961 637 2044 pisse
695 1963 976 2045 praetori
1035 1963 1244 2029 dicere
1302 1969 1563 2048 putasse
1611 1985 1706 2047 se,
1766 1963 1831 2026 id
1878 1964 2053 2047 quod
2099 1964 2454 2048 audissent,
2501 1965 2611 2028 ali-

387 2092 437 2132 15
467 2069 648 2134 cuius
710 2071 905 2153 pretii
976 2071 1254 2155 scyphos
1328 2093 1466 2136 esse
1530 2071 1880 2154 Pamphili3
1951 2072 2201 2134 luteum
2273 2071 2608 2156 negotium

467 2195 632 2257 esse,
688 2199 823 2240 non
881 2178 1177 2264 dignum,
1237 2178 1408 2261 quod
1463 2179 1533 2242 in
1579 2199 1697 2241 suo
1745 2180 2010 2262 argento
2049 2176 2282 2241 Verres
2328 2176 2608 2242 haberet.
2674 2171 2680 2177 ’

468 2280 582 2346 Ait
626 2282 735 2346 ille
779 2283 949 2347 idem
995 2284 1119 2348 sibi
1153 2283 1373 2348 videri.
1443 2284 1545 2348 Ita
1581 2283 1959 2367 Pamphilus
2004 2283 2282 2367 scyphos
2331 2283 2609 2367 optimos

468 2388 693 2454 aufert.

644 2495 733 2561 Et
796 2498 1159 2563 mehercule
1222 2520 1343 2584 ego
1397 2498 1625 2581 antea,
1687 2499 1946 2562 tametsi
2009 2498 2134 2562 hoc
2186 2498 2405 2562 nescio
2455 2497 2609 2581 quid
2648 2513 2719 2561 33

387 2626 440 2665 20
466 2605 881 2689 nugatorium
941 2605 1220 2670 sciebam
1282 2627 1447 2689 esse,
1505 2606 1632 2670 ista
1675 2606 2077 2692 intellegere,
2129 2609 2349 2669 tamen
2393 2604 2612 2668 mirari

468 2712 755 2777 solebam
799 2712 998 2776 istum
1043 2713 1113 2776 in
1155 2713 1258 2777 his
1305 2712 1462 2797 ipsis
1507 2714 1701 2778 rebus
1740 2713 2021 2797 aliquem
2059 2733 2319 2777 sensum
2355 2711 2611 2794 habere,

470 2839 660 2901 quem
708 2818 936 2883 scirem
981 2820 1162 2883 nulla
1197 2820 1267 2883 in
1300 2843 1369 2883 re
1408 2820 1753 2903 quicquam
1793 2820 2002 2883 simile
2037 2819 2319 2883 hominis
2356 2819 2609 2882 habere.

469 2923 636 2987 Tum
698 2924 981 3006 primum
1038 2925 1330 2989 intellexi
1392 2925 1471 2987 ad
1532 2947 1674 2987 eam
1736 2947 1873 2988 rem
1933 2925 2091 2989 istos
2146 2925 2375 2989 fratres
2424 2924 2612 3010 Ciby-

468 3032 639 3094 ratas
702 3029 930 3112 fuisse‚
991 3034 1066 3094 ut
1128 3031 1251 3094 iste
1314 3031 1385 3094 in
1454 3031 1729 3094 furando
1803 3031 2101 3094 manibus
2175 3031 2335 3113 suis,
2409 3032 2611 3095 oculis

391 3160 441 3199 25
468 3137 728 3201 illorum
792 3140 1096 3202 uteretur.
1187 3136 1278 3202 At
1332 3138 1424 3202 ita
1478 3136 1804 3201 studiosus
1860 3139 1959 3201 est
2011 3136 2203 3201 huius
2248 3140 2611 3221 praeclarae

471 3243 990 3328 existimationis,
1033 3248 1107 3309 ut
1152 3249 1417 3328 putetur
1459 3245 1529 3308 in
1572 3244 1751 3309 hisce
1794 3244 1986 3308 rebus
2032 3244 2413 3330 intellegens
2456 3267 2613 3328 esse,

469 3354 543 3414 ut
603 3373 811 3435 nuper
882 3349 1123 3438 (videte
1193 3351 1474 3416 hominis
1548 3348 1946 3437 amentiam),
2015 3355 2438 3436 posteaquam
2512 3357 2610 3417 est

469 3459 1097 3543 comperendinatus,
1134 3481 1280 3524 cum
1327 3458 1454 3523 iam
1491 3481 1611 3543 pro
1659 3458 1960 3523 damnato
1998 3463 2387 3543 mortuoque
2423 3464 2611 3543 esset,

467 3554 637 3629 ludis
685 3565 1075 3631 circensibus
1122 3589 1309 3631 mane
1355 3565 1527 3649 apud
1570 3565 1642 3629 L.
1683 3564 2047 3650 Sisennam,
2106 3566 2317 3630 virum
2375 3568 2609 3650 prima-

390 3693 443 3732 30
467 3672 664 3755 rium,
710 3694 856 3736 cum
903 3678 1118 3738 essent
1160 3673 1442 3738 triclinia
1487 3676 1689 3736 strata
1733 3677 2199 3758 argentumque
2245 3673 2607 3756 expositum

469 3779 539 3843 in
597 3778 888 3862 aedibus,
947 3803 1094 3845 cum
1154 3803 1271 3864 pro
1333 3779 1646 3865 dignitate
1691 3779 1762 3843 L.
1802 3777 2108 3844 Sisennae
2155 3779 2382 3844 domus
2445 3785 2613 3845 esset

469 3887 660 3970 plena
716 3886 1054 3951 hominum
1113 3886 1742 3970 honestissimorum,
1801 3888 2068 3952 accessit
2126 3887 2208 3950 ad
2253 3890 2612 3972 argentum,

471 3994 890 4076 contemplari
948 4016 1150 4057 unum
1210 3992 1491 4078 quidque
1550 3994 1757 4058 otiose
1817 3997 1881 4058 et
1935 3994 2334 4058 considerare
2381 3994 2609 4076 coepit.

470 4098 689 4165 Mirari
749 4101 1091 4165 stultitiam
1144 4085 1290 4185 alii,
1349 4101 1521 4185 quod
1580 4102 1651 4165 in
1707 4101 1849 4184 ipso
1908 4100 2145 4164 iudicio
2207 4100 2341 4163 eius
2406 4098 2607 4181 ipsius

390 4224 443 4266 ³⁵
474 4206 869 4291 cupiditatis,
915 4207 1094 4273 cuius
1141 4207 1649 4291 insimularetur,
1695 4207 2125 4292 suspicionem
2171 4207 2453 4287 augeret,
2498 4204 2608 4267 alii
