3175 4800
1383 408 1529 457 89-
1547 406 1630 458 94.
2493 410 2576 473 51

439 571 503 632 et
549 568 747 631 verba
792 567 926 631 eius
976 567 1260 646 audistis.
1349 566 1931 632 Demoliendum
1980 569 2278 633 curavit
2324 568 2588 634 Deme-

437 674 638 739 trius
686 674 1349 760 gymnasiarchus,
1397 675 1567 759 quod
1614 675 1669 738 is
1717 676 1775 739 ei
1819 676 1963 739 loco
2010 680 2315 760 praeerat.
2378 675 2593 753 Quid?

436 781 583 846 Hoc
644 803 763 845 nos
829 781 1146 845 dicimus?
1233 780 1442 845 Immo
1507 803 1660 846 vero
1726 783 1864 867 ipse
1933 804 2249 866 praesens.
2343 782 2588 848 Romae

435 911 645 973 nuper
689 889 901 973 ipsum
949 888 1147 952 istum
1195 909 1332 953 esse
1379 887 1744 971 pollicitum
1784 910 1921 953 sese
1959 889 2024 953 id
2063 890 2319 975 signum
2356 891 2589 976 legatis

386 1016 410 1056 5
435 996 868 1078 redditurum,
931 995 986 1059 si
1045 995 1179 1059 eius
1238 994 1333 1058 rei
1391 995 1761 1061 testificatio
1818 997 2154 1060 tolleretur
2199 1000 2587 1081 cautumque

391 1107 607 1167 'esset
672 1123 779 1167 eos
844 1101 1288 1166 testimonium
1352 1124 1484 1166 non
1550 1124 1688 1167 esse
1753 1103 2034 1168 dicturos
2093 1141 2176 1150 —-
2236 1104 2399 1168 dixit
2460 1104 2588 1169 hoc

439 1209 610 1292 apud
668 1230 783 1273 vos
830 1207 1146 1292 Zosippus
1209 1211 1274 1272 et
1331 1206 1671 1293 Ismenias,
1729 1210 2021 1275 homines
2080 1210 2468 1274 nobilissimi
2523 1214 2589 1274 et

437 1317 757 1400 principes
805 1314 1276 1401 Tyndaritanae
1323 1316 1619 1380 civitatis.
2114 1316 2124 1321 “

617 1422 839 1500 Quid?
863 1421 1292 1508 Agrigento
1329 1444 1582 1487 nonne
1612 1423 1897 1488 eiusdem
1926 1423 1993 1487 P.
2013 1421 2331 1507 Scipionis
2361 1446 2586 1487 monu-

361 1552 411 1590 10
438 1533 756 1613 mentum,
811 1529 1112 1615 signum
1158 1527 1559 1613 Apollinis
1607 1530 2236 1613 pulcherrimum,
2291 1531 2471 1594 cuius
2518 1531 2588 1594 in

435 1638 679 1702 femore
734 1636 967 1700 litteris
1014 1635 1281 1700 minutis
1329 1636 1648 1721 argenteis
1695 1658 1932 1701 nomen
1978 1636 2265 1720 Myronis
2314 1639 2449 1700 erat
2493 1637 2586 1699 in-

440 1744 780 1827 scriptum,
840 1764 919 1805 ex
977 1740 1323 1826 Aesculapi
1381 1743 1866 1829 religiosissimo
1926 1742 2077 1806 fano
2140 1741 2588 1807 sustulisti?

441 1848 627 1926 Quod
690 1848 976 1932 quidem,
1036 1848 1275 1913 iudices
1284 1899 1303 1932 ,
1364 1872 1507 1915 cum
1572 1851 1695 1915 iste
1757 1850 1920 1914 clam
1966 1849 2254 1932 fecisset,
2313 1872 2458 1913 cum
2507 1850 2586 1913 ad

441 1978 629 2021 suum
684 1957 892 2021 scelus
938 1955 1100 2019 illud
1145 1955 1521 2040 furtumque
1566 1956 1884 2021 nefarium
1933 1956 2244 2040 quosdam
2291 1956 2584 2022 homines

360 2083 411 2124 ιε
438 2063 767 2147 improbos
825 2063 1016 2126 duces
1074 2066 1267 2147 atque
1323 2065 1646 2128 adiutores
1694 2064 2118 2146 adhibuisset,
2175 2063 2589 2128 vehementer

442 2172 767 2234 commota
803 2170 1027 2234 civitas
1067 2173 1180 2235 est.
1243 2169 1394 2235 Uno
1434 2171 1605 2234 enim
1642 2175 1932 2253 tempore
1961 2169 2372 2254 Agrigentini
2399 2169 2586 2234 bene-

439 2275 659 2341 ficium
688 2274 1004 2360 Africani,
1031 2276 1409 2362 religionem
1439 2276 1885 2359 domesticam,
1914 2279 2360 2343 ornamentum
2389 2276 2587 2360 urbis,

438 2382 746 2448 indicium
775 2382 1109 2467 victoriae,
1145 2384 1586 2449 testimonium
1626 2383 1949 2450 societatis
1986 2382 2414 2467 requirebant.
2462 2381 2586 2447 Ita-

336 2485 339 2488 ’
440 2513 564 2575 que
611 2491 690 2554 ab
737 2472 844 2575 iis,
892 2491 1002 2574 qui
1048 2490 1369 2575 principes
1416 2492 1486 2555 in
1531 2514 1606 2556 ea
1645 2492 1903 2556 civitate
1941 2494 2149 2574 erant,
2194 2491 2589 2574 praecipitur

359 2619 412 2659 20
440 2602 505 2662 et
567 2598 900 2685 negotium
966 2599 1156 2662 datur
1220 2599 1665 2681 quaestoribus
1732 2603 1796 2664 et
1855 2598 2196 2681 aedilibus,
2254 2600 2329 2660 ut
2385 2601 2585 2662 noctu

438 2705 690 2791 vigilias
749 2709 1010 2792 agerent
1068 2706 1147 2770 ad
1203 2706 1375 2770 aedis
1433 2728 1660 2770 sacras.
1750 2705 2011 2770 Etenim
2066 2705 2188 2769 iste
2243 2703 2586 2790 Agrigenti

2625 1441 2692 1489 93

440 2811 656 2898 (credo
733 2815 997 2895 propter
1069 2812 1550 2876 multitudinem
1633 2813 1889 2876 illorum
1972 2811 2309 2876 hominum
2395 2814 2587 2896 atque
2663 2842 2668 2845 >

440 2917 777 3000 virtutem,
824 2920 887 2980 et
927 2916 1099 3000 quod
1139 2918 1307 2980 cives
1346 2917 1652 3000 Romani,
1687 2917 1811 2980 viri
1843 2917 2044 2980 fortes
2083 2920 2275 2999 atque
2310 2917 2588 3001 honesti,

438 3022 744 3106 permulti
799 3023 869 3086 in
922 3024 1034 3086 illo
1094 3023 1331 3107 oppido
1390 3022 1914 3087 coniunctissimo
1972 3022 2185 3086 animo
2235 3044 2381 3087 cum
2430 3024 2586 3107 ipsis

361 3150 412 3190 25
441 3129 882 3214 Agrigentinis
942 3130 1170 3194 vivunt
1229 3151 1303 3193 ac
1361 3127 1804 3215 negotiantur)
1858 3152 1991 3193 non
2050 3114 2326 3193 audebat
2370 3130 2584 3213 palam

441 3256 703 3319 poscere
741 3240 851 3300 aut
888 3238 1142 3319 tollere,
1180 3259 1342 3320 quae
1378 3236 1737 3320 placebant.
1810 3235 2173 3301 Herculis
2212 3238 2582 3321 templum

442 3345 558 3407 est
603 3342 800 3425 apud
847 3343 1411 3429 Agrigentinos
1457 3366 1593 3408 non
1636 3345 1829 3430 longe
1877 3366 1914 3406 a
1958 3343 2100 3407 foro
2141 3364 2319 3408 sane
2367 3365 2583 3409 sanc-

439 3454 601 3513 tum
649 3450 820 3532 apud
868 3450 1016 3515 illos
1063 3455 1135 3515 et
1178 3449 1651 3537 religiosum.
1733 3449 1834 3513 Ibi
1870 3453 1968 3514 est
2006 3472 2093 3513 ex
2140 3472 2308 3514 aere
2356 3451 2583 3515 simu-

368 3629 372 3633 ,
438 3558 729 3620 lacrum
774 3556 1022 3640 ipsius
1068 3555 1458 3640 Herculis,
1505 3578 1632 3639 quo
1679 3580 1812 3621 non
1857 3557 2045 3621 facile
2092 3556 2360 3620 dixerim
2410 3559 2582 3640 quic-

360 3684 412 3723 80
443 3685 633 3746 quam
691 3686 793 3728 me
838 3664 1073 3728 vidisse
1119 3664 1451 3749 pulchrius
1500 3661 1786 3750 (tametsi
1830 3683 1965 3726 non
2009 3666 2142 3725 tam
2189 3665 2467 3727 multum
2514 3665 2582 3730 in

438 3770 580 3835 istis
615 3770 808 3835 rebus
847 3770 1183 3857 intellegO,
1230 3793 1422 3855 quam
1461 3772 1667 3834 multa
1700 3766 1884 3856 vidi),
1928 3790 2133 3853 usque
2170 3793 2276 3854 eo,
2321 3771 2582 3856 iudices,

437 3882 511 3942 ut
568 3878 804 3943 rictum
867 3878 1002 3941 eius
1068 3899 1141 3942 ac
1200 3882 1487 3942 mentum
1545 3878 1739 3962 paulo
1799 3878 1883 3942 sit
1929 3877 2239 3960 attritius,
2295 3879 2465 3961 quod
2512 3880 2581 3942 in

439 3985 734 4068 precibus
784 3987 848 4048 et
893 3986 1432 4071 gratulationibus
1478 4007 1613 4049 non
1648 3986 1854 4049 solum
1896 3983 1961 4047 id
1997 3985 2313 4067 venerari,
2357 4007 2577 4049 verum

442 4091 633 4155 etiam
671 4093 947 4157 osculari
985 4095 1208 4157 solent.
1282 4091 1394 4156 Ad
1440 4092 1582 4157 hoc
1629 4093 2025 4175 templum,
2072 4113 2218 4156 cum
2257 4093 2422 4154 esset
2458 4089 2580 4152 iste

364 4217 414 4256 85
442 4197 816 4284 Agrigenti,
890 4200 1049 4264 duce
1121 4198 1525 4264 Timarchide
1598 4202 1861 4283 repente
1932 4200 2123 4262 nocte
2194 4196 2581 4278 intempesta

2076 4318 2146 4370 4*

2623 3253 2690 3303 94
