3175 4800
1442 377 1510 425 94
1523 403 1589 411 --
1605 376 1689 425 99.
1877 411 1884 418 .
2552 375 2639 439 53

494 534 819 599 Hieroni
876 535 1289 620 negotium.
1380 533 1486 599 Illi
1539 534 1741 599 noctu
1795 534 1966 600 facta
2019 557 2217 599 manu
2270 540 2641 619 armataque

495 642 790 726 veniunt,
816 641 986 732 fores
1015 641 1188 706 aedis
1218 641 1596 728 effringunt3
1624 641 1931 706 aeditumi
1951 641 2375 726 custodesque
2394 647 2642 707 mature

496 749 808 833 sentiunt3
845 748 1131 834 signum,
1161 748 1333 833 quod
1363 752 1498 813 erat
1523 746 1753 814 notum
1782 748 2127 832 vicinitati,
2163 748 2398 814 bucina
2430 749 2643 833 datur;

493 856 788 920 homines
836 878 916 920 ex
961 856 1130 941 agris
1170 860 1589 942 concurrunt3
1635 857 1918 922 eicitur
1960 856 2429 942 fugaturque
2476 856 2644 920 Tle-
2745 902 2750 908 .

443 986 467 1025 5
496 964 870 1047 polemus3
904 985 1114 1046 neque
1153 963 1499 1047 quicquam
1537 986 1619 1027 ex
1652 963 1805 1027 fano
1836 962 2117 1048 Chrysae
2154 967 2407 1047 praeter
2441 985 2643 1027 unum

496 1046 955 1154 perparirulum
1002 1071 1261 1156 signum
1310 1093 1390 1135 ex
1433 1093 1576 1135 aere
1624 1070 2055 1135 desideratum
2102 1075 2215 1135 est.

674 1176 943 1242 Matris
980 1176 1300 1264 Magnae
1336 1177 1594 1242 fanum
1634 1177 1830 1261 apud
1866 1177 2264 1263 Enguinos
2304 1180 2434 1241 est.
2507 1175 2645 1241 Iam

499 1284 670 1349 enim
723 1284 886 1347 mihi
937 1306 1072 1349 non
1115 1285 1308 1349 modo
1356 1284 1639 1348 breviter
1682 1283 1760 1349 de
1804 1306 1936 1348 uno
1986 1305 2242 1368 quoque
2288 1283 2648 1367 dicendum,

497 1392 609 1457 sed
669 1391 863 1456 etiam
922 1391 1387 1475 praetereunda
1448 1391 1752 1456 videntur
1814 1412 1952 1456 esse
2016 1392 2364 1475 permulta,
2428 1394 2503 1454 ut
2565 1391 2646 1455 ad

419 1521 471 1559 ιο
498 1498 743 1562 maiora
768 1498 971 1563 *istius
1020 1503 1085 1563 et
1128 1498 1523 1562 inlustriora·
1545 1498 1615 1562 in
1659 1498 1785 1562 hoc
1831 1520 2062 1584 genere
2098 1498 2273 1562 furta
2308 1502 2373 1562 et
2409 1498 2648 1562 scelera

430 1596 433 1599 ’
497 1605 848 1670 veniamus.
957 1603 1035 1668 In
1096 1604 1224 1669 hoc
1287 1604 1438 1668 fano
1510 1603 1805 1669 loricas
1880 1606 2296 1690 galeasque
2371 1610 2645 1668 aeneas

501 1713 838 1776 caelatas
900 1732 1093 1795 opere
1140 1710 1473 1775 Corinthio
1534 1711 2004 1795 hydriasque
2064 1711 2389 1798 grandes
2451 1711 2648 1774 simili

501 1819 570 1881 in
622 1839 856 1903 genere
911 1822 1105 1901 atque
1160 1819 1381 1883 eadem
1437 1822 1573 1882 arte
1603 1814 1944 1903 'perfectas
1967 1812 2160 1883 *idem
2200 1818 2309 1881 ille
2357 1815 2647 1901 Scipio,

498 1926 599 1989 vir
653 1925 951 1990 omnibus
1005 1925 1197 1990 rebus
1251 1926 1929 2010 praecellentissimus,
1980 1928 2284 2010 posuerat
2338 1929 2403 1989 et
2457 1945 2645 1989 suum

420 2052 473 2093 15
500 2055 739 2098 nomen
791 2032 1220 2117 inscripserat.
1313 2032 1480 2109 Quid
1536 2034 1667 2096 iam
1724 2032 1801 2096 de
1855 2033 1981 2097 isto
2038 2034 2224 2117 plura
2280 2032 2488 2096 dicam
2535 2035 2648 2095 aut

502 2139 774 2225 querar?
865 2137 1133 2203 Omnia
1192 2140 1357 2224 illa,
1415 2139 1686 2222 iudices,
1748 2139 2107 2221 abstulit,
2165 2139 2330 2202 nihil
2382 2140 2452 2202 in
2503 2140 2648 2202 reli-

502 2247 867 2332 giosissimo
913 2246 1066 2310 fano
1104 2249 1360 2328 praeter
1393 2245 1668 2329 vestigia
1705 2245 1981 2309 violatae
2015 2236 2346 2331 religionis
2383 2267 2647 2310 nomen-

503 2376 628 2439 que
694 2352 761 2418 P.
812 2350 1133 2437 Scipionis
1196 2351 1486 2436 reliquit3
1558 2348 1845 2418 hostium
1922 2353 2157 2437 spolia,
2230 2356 2648 2417 monumenta

499 2463 992 2546 imperatorum,
1051 2459 1280 2525 decora
1338 2464 1531 2545 atque
1593 2464 1969 2525 ornamenta
2025 2461 2323 2525 fanorum
2376 2460 2648 2544 posthac

421 2596 475 2637 20
500 2570 602 2634 his
647 2567 991 2653 praeclaris
1036 2567 1407 2632 nominibus
1455 2568 1707 2633 amissis
1750 2568 1821 2632 in
1865 2568 2294 2632 instrumento
2341 2571 2535 2650 atque
2580 2568 2649 2630 in

503 2676 900 2760 supellectile
961 2673 1026 2738 C.
1057 2673 1276 2739 Verris
1335 2675 1863 2740 nominabuntur.
1953 2673 2054 2739 Tu
2112 2674 2410 2739 videlicet
2472 2674 2646 2738 solus

503 2784 671 2848 vasis
720 2781 1069 2846 Corinthiis
1124 2782 1488 2864 delectaris,
1540 2785 1614 2845 tu
1670 2782 1843 2846 illius
1890 2782 2051 2845 aeris
2097 2782 2650 2865 temperationem,

503 2892 576 2952 tu
625 2909 891 2971 operum
936 2886 1314 2951 liniamenta
1359 2888 1801 2951 sollertissime
1845 2888 2180 2971 perspicis3
2234 2887 2392 2952 haec
2431 2887 2647 2971 Scipio

506 2995 615 3058 ille
660 3015 796 3057 non
839 2992 1284 3078 intellegebat,
1326 2993 1524 3056 homo
1573 2992 1984 3057 doctissimus
2030 2997 2223 3075 atque
2267 2994 2650 3060 humanissi-

427 3128 478 3168 25
506 3122 679 3184 mus,
722 3104 797 3163 tu
825 3100 964 3165 sine
991 3101 1128 3164 ulla
1153 3099 1325 3163 bona
1353 3102 1518 3182 arte,
1555 3099 1693 3164 sine
1719 3099 2151 3183 humanitate,
2197 3100 2334 3164 sine
2370 3100 2652 3186 ingeniO,

509 3209 644 3271 sine
680 3206 941 3291 litteris,
977 3206 1300 3292 intellegis
1340 3210 1404 3271 et
1440 3206 1712 3271 iudicas!
1776 3206 1970 3290 Vide,
2004 3229 2086 3270 ne
2122 3207 2232 3271 ille
2269 3229 2402 3272 non
2438 3208 2649 3272 solum

507 3314 959 3398 temperantia,
1014 3313 1125 3378 sed
1181 3314 1375 3378 etiam
1429 3313 1874 3400 intellegentia
1927 3318 1992 3378 te
2047 3317 2241 3397 atque
2294 3314 2483 3399 istos,
2538 3315 2650 3399 qui

508 3442 575 3485 se
613 3421 924 3506 elegantis
963 3420 1089 3486 dici
1116 3422 1375 3504 volunt,
1407 3421 1652 3486 vicerit.
1723 3419 1895 3486 Nam
1934 3421 2112 3504 quia,
2149 3443 2342 3505 quam
2379 3411 2652 3506 pulchra

508 3531 748 3611 essent,
791 3527 1236 3615 intellegebat,
1279 3528 1518 3594 idcirco
1566 3528 1976 3592 existimabat
2021 3550 2095 3591 ea
2139 3550 2273 3592 non
2319 3529 2398 3591 ad
2445 3528 2650 3593 homi-

428 3663 480 3702 80
506 3635 663 3699 num
698 3635 1018 3700 luxuriem
1032 3688 1041 3716 .·
1097 3635 1208 3699 sed
1246 3636 1326 3700 ad
1364 3639 1663 3701 ornatum
1698 3635 1993 3699 fanorum
2034 3638 2227 3719 atque
2264 3635 2649 3719 oppidorum

509 3763 647 3806 esse
691 3742 880 3807 facta.

2685 1195 2750 1243 97

2687 2692 2754 2741 98

687 3848 928 3914 Audite
983 3850 1175 3914 etiam
1233 3851 1624 3936 singularem
1672 3850 1836 3933 eius,
1888 3849 2159 3933 iudices,
2214 3850 2651 3934 cupiditatem,
2688 3868 2757 3915 99

511 3956 871 4042 audaciam,
928 3958 1303 4041 amentiam,
1345 3958 1416 4021 in
1470 3953 1548 4021 iis
1604 3957 1979 4040 praesertim
2028 3956 2221 4021 sacris
2268 3957 2651 4040 polluendis,

512 4084 673 4146 quae
717 4085 852 4129 non
897 4065 1090 4129 modo
1138 4065 1434 4129 manibus
1482 4065 1745 4149 attingi,
1791 4064 1900 4128 sed
1946 4085 2029 4129 ne
2076 4062 2466 4146 cogitatione
2514 4063 2650 4145 qui-

434 4195 485 4235 35
514 4169 658 4234 dem
714 4172 943 4236 violari
1005 4172 1103 4236 fas
1168 4172 1308 4237 fuit.
1421 4170 1854 4237 Sacrarium
1931 4169 2227 4234 Cereris
2292 4171 2390 4232 est
2454 4168 2648 4251 apud
