3175 4800
441 2035 509 2082 26

447 3746 514 3792 27

543 357 628 421 28
1197 353 1289 407 ΠΙ.
1330 353 1415 407 De
1455 353 1648 423 signis.
1712 353 2039 424 (Auswahl.)

547 515 759 602 gravis
823 516 945 580 erit
999 516 1170 601 apud
1224 517 1434 581 socios
1482 521 1548 581 et
1596 521 1843 582 exteras
1889 517 2181 583 nationes
2193 568 2211 601 ,
2253 518 2368 584 ubi
2416 519 2537 584 erit
2581 520 2699 584 im·

544 623 710 708 perii
755 644 994 687 nomen
1041 628 1105 688 et
1152 623 1477 710 dignitas?
1539 623 1982 688 Mamertini
2028 648 2137 689 me
2183 626 2497 710 publice
2541 650 2700 692 non

545 730 998 794 invitarunt.
1089 730 1195 795 Me
1256 751 1402 795 cum
1465 730 1638 814 dic0,
1693 732 1835 796 leve
1883 736 2032 815 est3'
2066 737 2426 797 senatorem
2472 735 2699 817 populi

547 836 825 901 Romani
872 836 927 899 si
970 859 1105 901 non
1150 837 1534 919 invitarunt,
1588 838 1902 903 honorem
1949 839 2237 903 debitum
2286 839 2700 906 detraxerunt

546 965 678 1006 non
723 942 1000 1027 homini,
1046 945 1157 1009 sed
1205 945 1431 1009 ordini.
1515 944 1686 1010 Nam
1735 944 1861 1029 ipsi
1906 945 2120 1010 Tullio
2158 947 2421 1028 patebat
2468 948 2696 1012 domus
2727 971 2752 1010 5

545 1050 1053 1133 locupletissima
1114 1054 1177 1114 et
1239 1052 1635 1135 amplissima
1697 1050 1807 1116 Cn.
1845 1051 2114 1136 Pompei
2168 1053 2493 1137 Basilisci,
2551 1075 2700 1137 quc,

548 1156 800 1221 etiamsi
860 1161 1028 1222 esset
1085 1157 1395 1222 invitatus
1457 1181 1494 1222 a
1551 1158 1767 1241 vobis,
1823 1162 2043 1223 tamen
2101 1160 2504 1242 devertisset3
2566 1165 2701 1225 erat

549 1265 742 1328 etiam
780 1264 1308 1348 Percenniorum,
1354 1265 1467 1349 qui
1510 1287 1684 1331 nunc
1721 1266 1877 1330 item
1915 1265 2210 1350 Pompeii
2246 1271 2425 1349 sunt,
2470 1266 2698 1331 domus

547 1372 1029 1455 honestissima,
1070 1394 1197 1456 quo
1235 1372 1307 1436 L.
1335 1372 1535 1437 frater
1571 1394 1753 1436 meus
1791 1394 2043 1437 summa
2079 1374 2340 1438 illorum
2367 1374 2699 1438 voluntate

549 1478 839 1542 devertit.
932 1477 1206 1543 Senator
1250 1478 1478 1563 populi
1524 1478 1830 1562 Romani,
1878 1480 2051 1563 quod
2096 1481 2167 1544 in
2200 1481 2385 1545 vobis
2432 1480 2586 1564 fuit,
2630 1480 2699 1543 in
2730 1505 2781 1543 10

547 1590 761 1651 vestro
824 1586 1061 1671 oppido
1121 1587 1320 1651 iacuit
1379 1590 1445 1650 et
1502 1587 1908 1670 pernoctavit
1966 1587 2036 1652 in
2096 1588 2376 1671 publico,
2466 1587 2701 1652 Nulla

548 1694 692 1758 hoc
739 1694 1018 1759 civitas
1064 1715 1419 1777 umquam
1467 1693 1623 1757 alia
1669 1694 2072 1759 commisit.
2157 1692 2481 1759 ‘Amicum
2530 1693 2700 1759 enim

548 1805 843 1865 nostrum
903 1801 972 1864 in
1031 1799 1340 1863 iudicium
1401 1801 1721 1865 vocabas?
1814 1801 1942 1884 Tu,
2002 1800 2156 1884 quid
2217 1824 2337 1887 ego
2397 1801 2700 1886 privatim

548 1908 793 1993 negotii
858 1929 1105 1993 geram,
1168 1906 1672 1989 interpretabere
1726 1908 2164 1973 imminuendo
2219 1908 2464 1972 honore
2526 1930 2701 1972 sena—

548 2014 762 2078 torio?
834 2013 1080 2078 Verum
1125 2012 1284 2078 haec
1330 2017 1471 2078 tum
1520 2038 1890 2100 queremur,
1936 2015 1991 2078 si
2038 2012 2192 2097 quid
2239 2014 2316 2077 de
2353 2013 2538 2077 vobis
2585 2034 2700 2097 per
2728 2036 2780 2077 1⁵

550 2144 696 2185 eum
745 2120 1033 2184 ordinem
1081 2124 1337 2205 agetur,
1397 2122 1509 2205 qui
1565 2123 1722 2187 ordo
1780 2145 1817 2185 a
1861 2120 2045 2184 vobis
2093 2120 2301 2184 adhuc
2350 2119 2504 2183 solis
2552 2142 2700 2185 con·

547 2231 834 2310 temptas
882 2232 995 2292 est.
1085 2226 1165 2291 In
1208 2229 1436 2316 populi
1473 2228 1752 2292 Romani
1799 2226 2059 2310 quidem
2103 2229 2523 2309 conspectum
2570 2248 2698 2310 quo

551 2358 658 2401 ore
704 2356 819 2399 vos
876 2335 1332 2401 commisistis?
1426 2335 1580 2401 Nec
1636 2334 1848 2418 prius
1895 2333 2107 2396 illam
2157 2354 2481 2416 crucem,
2537 2354 2700 2418 quae

551 2444 744 2508 etiam
804 2465 976 2508 nunc
1037 2444 1193 2508 civis
1255 2442 1531 2508 Romani
1593 2440 1903 2525 sanguine
1959 2440 2303 2523 redundat,
2363 2462 2526 2524 quae
2571 2441 2700 2504 fixa

552 2556 649 2616 est
695 2551 776 2615 ad
822 2555 1083 2635 portum
1127 2552 1481 2634 urbemque
1528 2550 1836 2628 vestram,
1892 2548 2321 2613 revellistis
2376 2570 2585 2632 neque
2630 2547 2700 2610 in
2727 2571 2780 2611 20

551 2658 945 2741 profundum
1011 2658 1331 2723 abiecistis
1396 2656 1743 2735 locumque
1807 2652 1993 2717 illum
2054 2677 2310 2719 omnem
2377 2655 2702 2739 expiastis,

554 2787 746 2849 quam
794 2765 1070 2830 Romam
1130 2767 1321 2844 atque
1379 2760 1449 2822 in
1501 2758 1737 2822 horum
1795 2766 2181 2826 conventum
2231 2762 2536 2827 adiretis?
2624 2761 2702 2826 In

552 2873 1082 2937 Mamertinorum
1129 2869 1265 2933 solo
1311 2865 1642 2931 foederato
1690 2871 1885 2951 atque
1930 2873 2161 2952 pacato
2208 2873 2697 2934 monumentum

552 2980 740 3043 istius
801 2974 1196 3044 crudelitatis
1257 2973 1684 3039 constitutum
1734 2980 1848 3040 est.
1935 2975 2253 3040 Vestrane
2298 2977 2452 3041 urbs
2500 2977 2702 3040 electa

554 3091 678 3170 est,
724 3088 804 3151 ad
853 3105 1045 3168 quam
1092 3078 1484 3165 quicumque
1530 3082 1780 3147 adirent
1827 3105 1907 3146 ex
1950 3082 2167 3163 Italia,
2227 3104 2481 3148 crucem
2542 3083 2698 3146 civis
2727 3104 2780 3145 25

554 3192 829 3257 Romani
873 3190 1051 3273 prius
1113 3210 1305 3270 quam
1364 3209 1754 3272 quemquam
1810 3189 2088 3253 amicum
2143 3190 2371 3272 populi
2425 3187 2701 3253 Romani

552 3296 884 3364 viderent?
964 3294 1172 3371 Quam
1227 3316 1342 3358 vos
1400 3294 1695 3381 Reginis,
1760 3317 2033 3379 quorum
2083 3296 2330 3361 civitati
2382 3295 2701 3377 invidetis,

551 3408 834 3488 itemque
871 3402 1100 3466 incolis
1136 3402 1397 3484 vestris,
1434 3402 1682 3466 ci'vibus
1712 3400 2051 3485 Romame,
2088 3404 2423 3467 ostendere
2461 3403 2701 3485 soletis,

553 3536 680 3598 quo
728 3510 939 3575 minus
989 3509 1113 3573 sibi
1159 3509 1471 3594 adrogent
1529 3508 1873 3592 minusque
1929 3530 2046 3574 vos
2109 3509 2492 3594 despiciant,
2553 3530 2697 3573 cum

551 3621 811 3684 videant
855 3616 953 3680 ius
1003 3617 1280 3682 civitatis
1327 3616 1440 3681 1110
1490 3617 1809 3700 supplicio
1858 3638 1996 3681 esse
2042 3621 2413 3681 mactatum.
2464 3621 2468 3628 ‘
2728 3638 2782 3677 so

731 3724 1001 3789 Verum
1049 3724 1236 3788 haec
1284 3723 1557 3788 emisse
1605 3728 1677 3788 te
1726 3724 1935 3788 dicis.
2012 3722 2225 3800 Quid?
2269 3722 2390 3787 Illa
2418 3722 2703 3787 Attalica

551 3836 691 3896 tota
729 3831 949 3897 Sicilia
993 3832 1326 3896 nominata
1367 3830 1447 3894 a‘b
1489 3831 1714 3896 eodem
1751 3829 1919 3895 Heio
1958 3831 2456 3914 peripetasmata
2493 3852 2701 3894 emere

554 3940 793 4004 oblitus
851 3938 963 4003 es?
1051 3938 1268 4003 Licuit
1327 3938 1550 4003 eodem
1612 3938 1835 4021 modo,
1892 3941 1967 4002 ut
2024 3938 2223 4023 signa.
2315 3936 2484 4014 Quid
2531 3937 2701 4001 enim

554 4052 783 4118 actum*
847 4046 987 4111 est?
1086 4044 1194 4110 An
1263 4045 1497 4109 litteris
1560 4045 1957 4128 pepercisti?
2046 4044 2288 4109 Verum
2371 4044 2700 4108 hominem

555 4160 871 4220 amentem
919 4153 1045 4218 hoc
1089 4153 1286 4238 fugit3
1333 4153 1544 4217 minus
1595 4153 1836 4216 clarum
1882 4151 2138 4236 putavit
2181 4152 2348 4234 fore,
2403 4150 2576 4233 quod
2624 4150 2702 4215 de
2730 4171 2784 4211 85
