3175 4800
1426 414 1672 468 εει-46.
2539 420 2618 483 17

478 577 788 662 praetori,
831 577 1150 643 iudicibus
1199 577 1361 662 satis
1399 577 1693 641 futurum
1741 576 1851 660 sit3
1904 576 2031 642 hoc
2076 577 2367 660 profecto
2412 577 2623 642 infini-

478 690 619 748 tum
679 705 845 768 esse;
903 705 971 749 se
1031 682 1390 749 avarissimi
1446 683 1729 748 hominis
1791 682 2133 766 cupiditati
2193 685 2351 750 satis
2415 684 2623 750 facere

478 812 695 876 posse,
762 788 1229 869 ⁴nocentissimi
1317 790 1624 855 victoriae
1713 812 1849 855 non
1928 811 2135 875 posse.
2228 789 2283 856 O
2350 813 2624 857 comme-

476 899 787 962 moranda
865 896 1104 962 iudicia
1140 895 1145 901 ’
1186 898 1711 981 praeclaramque
1793 895 2333 978 existimationem
2369 954 2372 959 ,
2418 899 2626 964 nostri

422 1024 448 1063 5
477 1004 748 1087 ordinis,
812 1000 958 1069 cum
1022 1003 1184 1068 socii
1244 1003 1472 1087 populi
1534 1001 1826 1068 Romani
1883 1003 2126 1068 iudicia
2185 1005 2263 1069 de
2334 1004 2623 1089 pecuniis

475 1111 846 1195 repetundis
894 1110 1053 1176 fieri
1113 1111 1376 1192 nolunt,
1458 1111 1626 1193 ‘quae
1691 1134 1730 1174 a
1791 1111 2142 1190 maioribus
2212 1113 2452 1177 nostris
2527 1134 2625 1178 so-

479 1217 726 1295 ciorum
756 1216 761 1223 ’
788 1239 981 1282 causa
1039 1216 1411 1301 comparata
1438 1265 1449 1295 3
1470 1218 1649 1281 sunt!
1706 1214 1848 1281 *An
1898 1218 2023 1282 iste
2077 1240 2385 1302 umquam
2433 1221 2511 1284 de
2556 1241 2625 1285 se

476 1324 713 1388 bonam
770 1322 951 1409 spem
1004 1322 1340 1401 habuisset
1346 1373 1387 1406 ,.
1414 1322 1547 1403 ‘nisi
1601 1324 1682 1387 de
1733 1324 1922 1404 vobis
1965 1324 2212 1389 malam
2252 1318 2623 1410 opinionem

474 1432 692 1495 animo
750 1429 1159 1496 imbibisset?
1249 1428 1392 1506 Quo
1465 1429 1713 1497 maiore
1773 1430 1996 1514 etiam,
2060 1431 2116 1496 si
2186 1432 2329 1497 fie'ri
2390 1437 2626 1518 potest,

390 1557 448 1596 ιο
477 1538 649 1623 apud
702 1538 818 1603 vos
877 1538 1024 1603 odio
1073 1558 1210 1602 esse
1257 1536 1504 1620 debet‚‘
1531 1538 1725 1621 quam
1773 1541 1871 1603 est
1917 1538 2089 1621 apud
2134 1538 2474 1623 populum=
2498 1538 2625 1604 Ro-

474 1667 768 1727 manum,
809 1666 957 1710 cum
1002 1645 1074 1709 in
1116 1643 1412 1726 avaritia,
1458 1644 1725 1728 scelere,
1768 1645 2050 1729 periurio
2091 1666 2208 1710 vos
2246 1646 2349 1709 sui
2385 1646 2623 1711 similes

476 1770 615 1814 esse
661 1751 1024 1815 arbitretur.
1324 1750 1331 1755 ’
1516 1806 1523 1809 .
1605 1752 1611 1759 ’

524 1854 533 1862 ’
656 1855 778 1921 Cui
837 1858 1011 1941 loco,
1050 1878 1191 1941 -ssp‘er
1253 1856 1405 1921 deos
1467 1855 1896 1943 immortales,
1956 1858 2234 1950 iudices,
2308 1858 2623 1924 consulite

475 1985 549 2029 ac
611 1964 974 2049 providete!
1073 1963 1307 2028 Moneo
1379 1963 1810 2048 praedicoque
1882 1965 1977 2049 id,
2050 1966 2222 2049 quod
2295 1965 2625 2052 intellege,

395 2089 445 2129 15
473 2074 730 2156 tempus
793 2071 921 2136 hoc
983 2071 1169 2135 vobis
1235 2070 1542 2134 divinitus
1609 2070 1832 2135 datum
1897 2092 2062 2153 esse,
2116 2076 2191 2136 ut
2251 2072 2455 2155 odie,
2512 2072 2623 2136 in-

474 2178 709 2261 vidia,
763 2178 1057 2261 infamia,
1110 2177 1513 2261 turpitudine
1560 2181 1810 2242 totum
1859 2178 2202 2241 ordinem
2248 2178 2621 2242 liberetis.

475 2282 676 2348 Nulla
733 2284 805 2348 in
861 2284 1113 2348 iudiciis
1177 2284 1511 2366 severitas,
1567 2285 1752 2349 nulla
1806 2284 2065 2370 religio,
2120 2285 2303 2348 nulla
2348 2284 2622 2368 denique

473 2390 602 2454 iam
650 2390 1102 2456 existimantur
1147 2411 1284 2456 esse
1334 2390 1587 2466 iudicia.
1669 2389 1896 2475 Itaque
1952 2416 1991 2456 a
2034 2393 2279 2477 populo
2327 2390 2621 2457 Romano

474 2498 975 2582 contemnimur,
1029 2497 1444 2583 despicimur,
1498 2500 1677 2584 gravi
1736 2498 2166 2583 diuturnaque
2220 2500 2348 2563 iam
2396 2499 2622 2584 flagra-

396 2624 448 2663 20
475 2626 619 2670 mus
665 2605 948 2670 infamia.
996 2657 1010 2671 .
1059 2655 1074 2670 .
1122 2655 1135 2670 .
1828 2609 1832 2614 ’

650 2710 798 2796 Ipse
835 2712 1110 2796 denique
1140 2711 1259 2777 Cn.
1297 2712 1710 2797 Pompeius
1747 2733 1897 2779 cum
1934 2712 2216 2796 primum
2255 2713 2620 2778 contionem

475 2818 555 2881 ad
600 2818 826 2882 urbem
856 2820 1100 2883 'consul
1145 2819 1516 2904 designatus
1560 2820 1819 2902 habuit,
1853 2819 1992 2899 ubi,
2029 2819 2097 2882 id
2135 2820 2308 2903 quod
2344 2821 2621 2885 maxime

476 2923 833 3005 exspectari
908 2924 1272 3004 videbatur,
1349 2925 1691 2989 ostendit
1765 2943 1841 2989 se
1913 2925 2419 2992 tribuniciam
2491 2949 2621 3011 po·

474 3031 843 3093 testatem
888 3030 1466 3112 restituturum,
1519 3030 1728 3095 factus
1785 3034 1883 3094 est
1936 3031 2008 3095 in
2061 3053 2136 3095 eo
2193 3034 2499 3115 strepitus
2557 3038 2621 3097 et

395 3156 447 3196 25
474 3139 660 3221 grata
705 3135 1025 3200 contionis
1074 3136 1600 3201 admurmuratio.
1688 3134 1869 3201 Idem
1924 3137 1996 3201 in
2053 3137 2273 3204 eadem
2321 3139 2621 3204 contione

477 3262 624 3307 cum
662 3242 927 3308 dixisset
962 3244 1304 3328 populatas
1341 3247 1733 3327 vexatasque
1774 3264 1913 3308 esse
1948 3244 2342 3329 provincias,
2382 3245 2623 3311 iudicia

476 3352 691 3413 autem
751 3350 968 3433 turpia
1027 3372 1100 3414 ac
1159 3350 1481 3436 flagitiosa
1538 3351 1708 3435 fieri3
1767 3350 1828 3414 ei
1883 3351 1978 3416 rei
2039 3373 2107 3417 se
2163 3352 2501 3436 providere
2523 3375 2621 3419 ‚ac

471 3457 806 3521 consulere
877 3456 1070 3520 velle:
1142 3459 1284 3520 tum
1348 3479 1499 3522 vero
1571 3475 1708 3523 non
1779 3460 2081 3543 strepitu,
2155 3459 2266 3524 sed
2301 3461 2619 3525 ‘maximo

474 3564 752 3627 clamore
808 3579 991 3628 suam
1046 3564 1326 3647 populus
1374 3562 1705 3628 Romanus
1762 3566 2152 3652 significavit
2196 3568 2618 3632 voluntatem.

395 3688 448 3727 so
473 3668 666 3734 Nunc
721 3674 937 3734 autem
981 3670 1276 3735 homines
1323 3671 1393 3735 in
1438 3672 1715 3754 speculis
1763 3666 1942 3755 sunt,
1997 3673 2367 3757 observant,
2428 3694 2619 3757 quem

462 3775 556 3839 ad
601 3773 868 3850 modum
915 3797 1052 3841 sese
1098 3798 1264 3842 unus
1313 3777 1596 3861 quisque*
1633 3783 1927 3844 nostrum
1964 3783 2147 3866 gerat
2179 3779 2252 3844 in
2285 3779 2620 3854 retinenda

471 3882 785 3968 religione
854 3884 1437 3968 conservandisque
1509 3885 1782 3970 legibus.
1872 3885 2115 3951 Vident
2188 3886 2397 3952 adhuc
2469 3891 2619 3970 post

465 3989 682 4074 legem
728 3990 1142 4064 tribuniciam
1170 4007 1391 4064 ,unum
1437 3995 1798 4056 senatorem
1843 3995 1948 4057 vel
1977 3993 2434 4058 tenuissimum
2481 4015 2618 4058 esse

475 4094 876 4180 damnatum3
914 4097 1095 4181 quod·
1123 4098 1384 4163 tametsi
1417 4121 1553 4163 non
1585 4099 2091 4184 reprehendunt,
2127 4105 2346 4165 tamen
2381 4120 2617 4184 magno

397 4219 448 4260 35
478 4222 668 4285 opere
716 4203 889 4286 quod
933 4204 1226 4288 laudent,
1270 4220 1411 4280 non,
1432 4205 1717 4289 habent3
1762 4207 1942 4270 nulla
1988 4211 2086 4272 est
2131 4207 2303 4271 enim
2348 4207 2489 4269 laus
2526 4204 2620 4269 ibi

582 4323 767 4365 Ciceros
795 4327 1045 4380 Verrinen,
1073 4340 1113 4369 v.
1135 4329 1296 4370 Bardt.
1338 4330 1468 4370 Text.
2151 4333 2181 4380 2

2661 809 2727 856 42

2660 1875 2729 1924 43

2658 2731 2727 2779 46

2657 3692 2725 3739 46
