3175 4800
1446 383 1761 432 103—108.
2550 383 2676 449 103

526 543 897 608 adulescens
926 542 1395 625 nobilissimus,
1432 542 1616 606 testis
1643 542 2086 626 relinquetur?
2134 541 2233 606 ‘In
2259 542 2622 626 praesentia
2636 543 2676 625 ',

525 649 737 732 inquit
783 648 1155 714 Cleomenes
1166 695 1185 732 ,
1231 648 1562 732 ‘quoniam
1608 648 1701 712 ita
1745 670 2005 714 necesse
2052 652 2176 733 est3
2225 649 2335 714 sed
2373 654 2523 733 post
2562 650 2673 713 ali·—

526 755 680 841 quid
726 756 1116 840 videbimuS,
1159 778 1241 820 ne
1287 755 1409 820 iste
1454 755 1644 819 nobis
1694 755 1950 820 obstare
1996 755 2246 839 possit?

694 851 877 928 'Haec
938 866 1359 946 posteaquam
1421 865 1564 927 acta
1623 865 1689 926 et
1749 862 2101 927 constituta
2149 866 2328 946 sunt,
2383 863 2674 946 procedit

472 994 495 1033 5
522 970 644 1034 iste
689 973 952 1054 repente
998 991 1033 1033 e
1079 969 1400 1052 praetorio
1447 970 1883 1034 inflammatus
1933 971 2197 1055 scelere,
2246 970 2490 1054 furore,
2537 993 2675 1036 cru-

418 1105 423 1111 ·
525 1077 811 1161 delitate3
857 1076 926 1141 in
960 1075 1175 1141 forum
1212 1077 1416 1159 venit,
1458 1075 1891 1141 nauarchos
1937 1076 2203 1141 vocari
2247 1077 2482 1141 iubet.
2550 1077 2674 1155 Qui

522 1184 687 1249 nihil
713 1186 1101 1266 metuerent,
1135 1183 1301 1247 nihil
1328 1183 1833 1267 suspicaremur,
1871 1184 2090 1248 statim
2120 1186 2479 1248 accurrunt.
2543 1182 2674 1248 Iste

520 1291 891 1356 hominibus
967 1289 1213 1354 miseris
1287 1289 1739 1355 innocentibus
1805 1290 1960 1355 inici
2043 1293 2299 1356 catenas
2381 1290 2673 1374 imperat.

520 1397 873 1482 Implorare
909 1397 1008 1461 illi
1043 1397 1238 1461 fidem
1276 1397 1588 1480 praetoris
1629 1402 1722 1480 et,
1760 1420 1887 1481 qua
1922 1420 1991 1461 re
2030 1398 2096 1461 id
2123 1399 2392 1481 faceret,
2427 1420 2672 1484 rogare.

443 1531 494 1570 ιο
521 1506 688 1570 Tum
748 1505 870 1570 iste
937 1504 1065 1569 hoc
1125 1525 1352 1569 causae
1422 1504 1605 1587 dicit,
1672 1505 1845 1588 quod
1911 1506 2180 1569 classem
2240 1504 2672 1589 praedonibus

519 1612 970 1697 prodidissent.
1052 1609 1160 1674 Fit
1206 1611 1449 1686 clamor
1494 1614 1560 1675 et
1607 1611 1945 1675 admiratio
1984 1613 2212 1696 populi
2248 1615 2497 1676 tantam
2537 1633 2674 1675 esse

521 1719 590 1782 in
628 1703 922 1782 ¹homine
994 1716 1440 1801 inpudentiam
1515 1722 1709 1801 atque
1783 1718 2145 1802 audaciam,
2216 1722 2291 1783 ut
2355 1722 2467 1782 aut
2532 1718 2671 1782 aliis

523 1847 780 1891 causam
828 1824 1209 1889 calamitatis
1249 1824 1674 1908 adtribueret,
1720 1847 1883 1909 quae
1923 1826 2131 1890 omnis
2170 1829 2437 1909 propter
2474 1825 2674 1890 avari-

520 1933 678 1997 tiam
730 1932 934 2016 ipsius
991 1932 1353 2015 accidisset,
1415 1934 1554 2015 aut,
1617 1953 1763 1997 cum
1820 1933 1959 2017 ipse
2014 1933 2412 2016 praedonum
2461 1932 2671 1997 socius

440 2063 491 2103 15
519 2040 962 2123 arbitraretur,
1017 2039 1158 2104 aliis
1214 2039 1599 2123 proditionis
1648 2040 1891 2104 crimen
1936 2040 2227 2122 inferret3
2276 2040 2502 2104 deinde
2547 2039 2674 2103 hoc

521 2148 746 2230 quinto
805 2147 1071 2210 decumo
1120 2145 1221 2209 die
1271 2146 1514 2209 crimen
1560 2166 1698 2209 esse
1745 2151 2000 2228 natum,
2054 2150 2401 2229 postquam
2450 2145 2671 2210 classis

522 2258 689 2318 esset
753 2252 1003 2316 amissa.
1115 2250 1275 2314 Cum
1338 2250 1498 2316 haec
1562 2252 1656 2315 ita
1719 2252 1974 2331 fierent,
2042 2251 2496 2335 quaerebatur,
2559 2250 2673 2314 ubi

521 2363 688 2426 esset
736 2358 1137 2442 Cleomenes,
1195 2379 1328 2422 non
1393 2380 1520 2443 quo
1581 2359 1768 2424 illum
1815 2360 2058 2445 ipsum,
2122 2357 2512 2425 cuicuimodi
2559 2361 2673 2441 est,

521 2470 862 2553 quisquam
923 2465 1240 2550 supplicio
1300 2470 1566 2551 propter
1625 2467 1788 2532 illud
1851 2466 2337 2532 incommodum
2405 2451 2673 2550 dignum

438 2595 490 2635 20
518 2580 804 2660 putaret3
857 2597 1010 2639 nam
1068 2572 1223 2656 quid
1271 2572 1644 2639 Cleomenes
1701 2574 1910 2639 facere
1965 2573 2226 2658 potuit?
2283 2573 2446 2659 (non
2501 2572 2672 2637 enim

517 2704 782 2765 possum
814 2703 1202 2765 quemquam
1230 2681 1604 2745 insimulare
1633 2679 1846 2767 falso).
1905 2680 2093 2765 Quid,
2120 2682 2405 2765 inquam,
2433 2702 2670 2765 magno

518 2812 710 2873 opere
785 2790 999 2871 potuit
1075 2788 1446 2852 Cleomenes
1521 2788 1733 2852 facere
1805 2789 1992 2852 istius
2060 2779 2332 2852 avaritia
2394 2787 2670 2852 navibus

520 2892 906 2958 exinanitis?
995 2891 1212 2976 Atque
1269 2915 1414 2956 eum
1471 2893 1694 2957 vident
1751 2894 1968 2957 sedere
2016 2894 2096 2958 ad
2141 2895 2310 2958 latus
2357 2894 2670 2977 praetoris

521 3004 585 3065 et
623 3001 702 3065 ad
742 3022 960 3063 aurem
997 2998 1426 3083 familiariter,
1462 3002 1535 3062 ut
1574 2999 1801 3063 solitus
1842 3004 2005 3083 erat,
2041 3000 2457 3065 insusurrare.
2504 3000 2671 3063 Tum

439 3127 490 3168 25
519 3130 673 3173 vero
722 3106 1021 3171 omnibus
1067 3105 1588 3190 indignissimum
1627 3107 1838 3170 visum
1883 3112 1982 3172 est
2026 3106 2320 3171 homines
2356 3106 2672 3171 honestis-

523 3215 718 3279 simos
768 3214 1003 3278 electos
1052 3235 1086 3277 e
1135 3213 1265 3277 suis
1314 3212 1683 3277 civitatibus
1729 3213 1799 3278 in
1843 3215 2085 3280 ferrum
2125 3217 2319 3298 atque
2355 3214 2425 3277 in
2460 3214 2673 3278 vincla

523 3320 874 3403 coniectos,
913 3319 1319 3385 Cleomenem
1356 3322 1624 3404 propter
1658 3321 2054 3406 flagitiorum
2093 3343 2167 3386 ac
2195 3320 2670 3405 turpitudinum

521 3428 893 3492 societatem
954 3426 1526 3491 familiarissimum
1584 3449 1722 3492 esse
1767 3429 2066 3512 praetori.
2160 3427 2534 3513 Apponitur
2580 3427 2669 3491 eis

520 3540 738 3599 tamen
776 3538 1110 3599 accusator
1143 3533 1428 3599 Naevius
1467 3534 1710 3618 Turpio
1752 3537 2042 3620 quidam,
2089 3537 2201 3620 qui
2241 3534 2305 3598 C.
2327 3533 2670 3599 Sacerdote

441 3663 492 3702 30
520 3645 812 3726 praetore
867 3642 1246 3706 iniuriarum
1303 3642 1643 3706 damnatus
1701 3644 1825 3725 est,
1881 3642 2078 3706 homo
2127 3643 2289 3706 bene
2336 3642 2668 3725 adpositus

519 3749 599 3813 ad
644 3747 831 3812 istius
879 3749 1238 3831 audaciam,
1285 3771 1476 3832 quem
1524 3749 1646 3812 iste
1693 3748 1763 3813 in
1809 3750 2122 3833 decumis,
2168 3749 2238 3813 in
2270 3749 2461 3813 rebus
2503 3749 2670 3832 capi-

517 3855 785 3938 talibus,
829 3855 899 3918 in
945 3856 1122 3919 omni
1168 3856 1488 3920 calumnia
1524 3877 2007 3940 praecursorem
2043 3856 2281 3921 habere
2320 3856 2569 3920 solebat
2606 3860 2671 3919 et

519 3961 937 4027 emissarium.

695 4068 1030 4134 Veniunt
1076 4068 1495 4153 Syracusas
1552 4075 1913 4155 parentes
1960 4071 2437 4155 propinquique
2483 4068 2668 4131 mise-

440 4196 491 4236 35
519 4198 735 4241 rorum
775 4177 1280 4242 adulescentium
1315 4177 1440 4241 hoc
1470 4178 1808 4261 repentino
1840 4177 2220 4241 calamitatis
2252 4197 2402 4240 suae
2437 4173 2666 4237 nuntio

2715 882 2817 931 106

2716 2270 2815 2318 107

2712 3446 2813 3494 108
