3175 4800
442 3418 510 3467 73

558 351 649 416 44
1218 347 1312 401 111.
1352 342 1436 400 De
1473 347 1665 416 signis
1723 348 2050 418 (Auswahl.)

559 511 955 577 immortales
1018 534 1134 577 sua
1192 515 1495 596 repetunt
1548 511 1619 576 in
1664 533 1738 575 eo
1787 510 2081 595 iudicio,
2112 512 2285 595 quod
2330 510 2702 578 hominibus

559 618 640 682 ad
687 639 833 684 suas
878 642 978 684 res
1015 619 1393 703 repetendas
1433 621 1530 682 est
1567 618 2007 711 constitutum.
2081 618 2392 683 Miramur
2426 618 2701 685 Athenis

557 725 940 810 Minervam,
999 726 1146 790 Deli
1191 724 1595 809 Apollinem,
1644 722 1959 790 Iunonem
2007 724 2210 809 Sami,
2264 725 2517 812 Pergae
2551 726 2702 791 Dia-

555 854 735 916 nam,
779 835 1020 898 multos
1067 837 1396 918 praeterea
1441 833 1522 897 ab
1569 832 1695 896 isto
1743 832 1894 897 deos
1942 836 2081 897 tota
2115 831 2275 897 Asia
2312 831 2701 917 Graeciaque

555 939 858 1023 violatos,
914 941 1028 1023 qui
1082 964 1120 1004 a
1165 939 1484 1023 Capitolio
1541 958 1769 1003 manus
1825 926 2146 1015 abstinere
2197 962 2331 1013 non
2375 940 2702 1024 potuerit?
2730 960 2755 1001 5

557 1044 743 1120 Quod
788 1047 1027 1131 privati
1063 1047 1360 1112 homines
1400 1046 1479 1110 de
1517 1046 1648 1111 suis
1687 1029 1977 1130 pecuniis
2016 1052 2248 1112 ornant
2283 1048 2700 1132 ornaturique

556 1156 733 1237 sunt,
778 1154 845 1217 id
893 1152 958 1218 C.
997 1153 1230 1218 Verres
1281 1153 1361 1217 ab
1406 1154 1668 1240 regibus
1716 1154 1931 1219 ornari
1974 1176 2111 1228 non⁴
2151 1176 2378 1237 passus
2426 1159 2539 1227 est.

731 1259 959 1346 Itaque
1004 1261 1131 1325 hoc
1175 1261 1421 1324 nefario
1469 1245 1705 1325 scelere
1751 1265 2062 1346 concepto
2098 1260 2265 1325 1111111
2299 1266 2526 1345 postea
2562 1267 2701 1328 tota

554 1368 624 1431 in
670 1366 891 1432 Sicilia
934 1390 1144 1452 neque
1193 1367 1356 1432 sacri
1400 1389 1610 1451 neque
1653 1367 1942 1454 religiosi
1986 1350 2171 1432 duxit
2216 1390 2380 1453 esse3
2425 1369 2528 1434 ita
2562 1391 2705 1442 sese,

553 1474 624 1538 in
688 1497 763 1539 ea
824 1475 1155 1558 provincia
1219 1497 1334 1559 per
1397 1473 1747 1538 triennium
1809 1476 2040 1560 gessit,
2069 1480 2171 1540 ¹ut
2232 1477 2313 1541 ab
2357 1476 2502 1549 ⁴isto
2565 1499 2700 1545 non
2730 1494 2782 1547 10,

555 1583 766 1646 solum
819 1583 1191 1647 hominibus
1203 1631 1222 1666 ,
1275 1604 1498 1647 verum
1553 1581 1748 1646 etiam
1796 1581 1892 1648 dis
1939 1583 2409 1648 immortalibus
2456 1583 2699 1655 bellum

553 1689 868 1755 indictum
925 1694 1278 1774 putaretur.
1373 1688 1696 1774 Segesta
1751 1692 1849 1754 est
1904 1679 2214 1774 oppidum
2273 1695 2571 1775 pervetus
2630 1692 2701 1759 in

555 1794 801 1880 Sicilia,
857 1796 1130 1878 iudices,
1187 1796 1358 1878 quod
1415 1796 1493 1859 ab
1550 1793 1772 1860 Aenea
1823 1795 2113 1881 fugiente
2168 1820 2206 1860 a
2260 1797 2453 1863 Troia
2507 1802 2699 1882 atque

550 1903 621 1966 in
663 1903 822 1967 haec
866 1903 1011 1967 loca
1055 1901 1350 1965 veniente
1390 1901 1729 1973 ‘conditum
1768 1916 1905 1965 esse
1942 1901 2401 1967 demonstrant.
2471 1903 2698 1988 Itaque

554 2007 960 2095 Segestani
1012 2031 1153 2073 non*
1192 2010 1403 2072 solum
1449 2010 1761 2091 perpetua
1806 2007 2111 2072 societate
2158 2011 2350 2091 atque
2397 2010 2697 2095 amicitia,
2716 2020 2776 2072 '1⁶

551 2140 775 2182 verum
841 2117 1035 2182 etiam
1101 2114 1563 2201 cognatione
1629 2135 1706 2179 se
1770 2135 1934 2178 cum
2005 2116 2291 2198 populo
2357 2115 2693 2188 Romano

553 2226 1010 2290 coniunctos
1072 2244 1236 2299 esse
1297 2221 1794 2285 arbitrantur.
1866 2220 2037 2295 'Hoc
2099 2223 2419 2305 quondam
2476 2226 2695 2309 ⁴oppi-
2755 2266 2769 2278 ›

553 2332 752 2416 dum,
812 2352 959 2396 cum
1018 2330 1131 2393 illa
1187 2328 1411 2393 civitas
1468 2349 1616 2392 cum
1672 2326 1904 2391 Poenis
1929 2342 1934 2347 ·
1962 2346 2078 2392 suo
2133 2330 2395 2395 nomine
2449 2351 2522 2395 ac
2578 2352 2694 2397 sua

552 2443 781 2523 sponte
828 2439 1124 2519 bellaret,
1179 2459 1217 2499 a
1263 2433 2037 2520 Carthaginiensibus
2093 2435 2168 2499 vi
2223 2440 2526 2520 capt-um
2585 2439 2692 2499 at-

554 2568 694 2627 que
741 2545 1073 2609 deletum
1122 2545 1263 2624 est,
1311 2541 1682 2624 omniaque,
1729 2563 1891 2623 quae
1938 2545 2314 2606 ornamento
2360 2541 2507 2606 urbi
2554 2563 2694 2632 esse,
2720 2562 2773 2602 so

550 2654 841 2735 possent,
897 2647 1351 2732 Carthaginem
1408 2652 1559 2712 sunt
1615 2671 1694 2712 ex
1747 2648 1860 2716 illo
1905 2648 2050 2712 loco
2099 2648 2449 2731 deportata.
2541 2647 2694 2713 Fuit

551 2755 721 2841 apud
795 2754 1180 2841 Segestanos
1256 2777 1336 2819 ex
1408 2777 1551 2819 aere
1624 2754 1913 2828 Dianae
1986 2754 2479 2847 simulacrum
2545 2778 2691 2821 cum

550 2885 800 2927 summa
882 2866 1075 2947 atque
1108 2949 1113 2952 .
1157 2862 1609 2945 antiquissima
1688 2862 2051 2953 praeditum
2130 2862 2472 2948 religione,
2551 2866 2692 2927 tum

549 2970 860 3056 singulari
898 2992 1089 3054 opere
1127 2968 1940 3053 artificioqueperfectum2
1991 2965 2186 3033 ‘Hoc
2229 2970 2691 3041 translatum

550 3075 1092 3164 Carthaginem
1147 3079 1364 3152 locum
1419 3079 1674 3141 tantum
1728 3075 2151 3159 hominesque
2196 3079 2504 3159 mutarat,
2547 3076 2690 3144 reli·
2717 3095 2770 3137 25

548 3185 808 3269 gionem
891 3185 1169 3268 quidem
1233 3183 1572 3266 pristinam
1657 3183 2102 3266 conservabat3
2191 3204 2343 3246 nam
2425 3185 2692 3267 propter

550 3291 849 3354 eximiam
924 3288 1472 3373 pulchritudinem
1545 3288 1739 3352 etiam
1811 3288 2108 3362 hostibus
2192 3289 2413 3375 digna,
2496 3310 2688 3372 quam

549 3397 950 3468 sanctissime
1017 3397 1328 3478 colerent,
1399 3394 1752 3459 videbatur.
1861 3393 2150 3478 Aliquot
2197 3396 2466 3465 saeculis
2522 3398 2689 3479 'post

549 3503 618 3569 P.
659 3502 875 3588 Scipio
926 3501 1377 3588 Carthaginem
1435 3502 1632 3586 cepit3
1665 3517 1819 3584 [qua
1862 3502 1932 3565 in
1976 3502 2245 3576 victoria
2290 3500 2530 3590 (videte
2574 3502 2689 3566 ho-

549 3611 740 3676 minis
814 3611 1118 3675 virtutem
1177 3613 1250 3674 'et
1280 3681 1285 3685 ⁴
1314 3591 1715 3694 diligentiam
1724 3623 1782 3691 ,·‘
1814 3613 1888 3673 ut
1952 3613 2017 3674 et
2080 3609 2446 3674 domesticis
2481 3623 2688 3692 prae·
2714 3629 2768 3679 89

550 3718 937 3784 clarissimae
981 3717 1238 3781 virtutis
1285 3716 1595 3799 exemplis
1641 3716 1994 3804 gaudeatis,
2019 3720 2100 3788 et,
2129 3739 2205 3781 00
2252 3716 2492 3780 maiore
2539 3716 2684 3779 odio

548 3825 810 3912 dignam
854 3823 1040 3889 istius
1085 3824 1527 3892 incredibilem
1573 3822 1902 3916 audaciam
1927 3819 2292 3909 iudicetis)
2321 3807 2684 3909 convocatis

551 3931 784 4004 Siculis
841 3931 1168 4015 omnibuS,
1224 3930 1395 4014 quod
1452 3930 1810 4000 diutissime
1856 3930 2353 4022 saepissimeque
2401 3927 2684 3993 Siciliam

550 4043 845 4105 vexatam
884 4062 923 4103 a
953 4037 1586 4124 Carthaginiensibus
1627 4019 1764 4102 esse
1799 4041 2138 4123 cognorat,
2182 4036 2398 4102 iubet
2435 4035 2687 4112 omnia

551 4148 930 4232 conquiri3
987 4147 1341 4230 pollicetur·
1384 4146 1508 4210 sibi
1541 4167 1831 4236 ¹magnae
1886 4166 2072 4210 curae
2125 4144 2292 4227 fore,
2350 4147 2425 4208 ut
2471 4143 2688 4218 omnia
2715 4162 2767 4203 35
