3175 4800
1387 392 1632 445 85—89.
2493 394 2582 462 49

440 553 510 617 in
552 557 833 618 mentem
880 576 1140 619 necesse
1186 557 1284 618 est
1331 554 1630 619 omnibus
1640 604 1662 638 ,
1696 577 1843 620 cum
1881 560 2049 620 esset
2084 556 2339 621 vinctus
2374 557 2587 621 nudus

439 661 510 724 in
568 666 739 745 aere,
795 661 866 725 in
927 661 1150 744 imbri,
1206 661 1277 725 in
1334 661 1593 747 frigore.
1683 661 1912 746 Neque
1970 668 2190 728 tamen
2241 663 2389 728 finis
2435 663 2588 729 huic

439 768 709 833 iniuriae
773 768 1264 852 crudelitatique
1329 768 1567 852 fiebat,
1608 768 1810 834 donec
1865 771 2144 853 populus
2200 774 2394 855 atque
2448 772 2588 835 uni-

439 896 624 939 versa
680 875 1032 940 multitudo
1093 876 1431 940 atrocitate
1488 875 1584 939 rei
1644 875 2207 960 misericordiaque
2263 882 2588 943 commota

388 1001 413 1040 5
441 985 734 1046 senatum
783 981 1062 1047 clamore
1109 982 1348 1069 coegit,
1393 986 1467 1046 ut
1512 982 1624 1046 isti
1657 983 2074 1047 simulacrum
2111 984 2273 1048 illud
2308 984 2588 1050 Mercuri

441 1088 871 1172 polliceretur.
963 1088 1345 1154 Clamabant
1387 1089 1554 1172 fore,
1607 1093 1682 1153 ut
1725 1089 1851 1172 ipsi
1897 1110 2035 1153 sese
2080 1089 2146 1154 di
2189 1091 2584 1157 immortales

439 1196 925 1281 ulciscerentu13
976 1196 1325 1261 'hominem
1395 1197 1643 1260 interea
1713 1196 1921 1280 perire
1981 1196 2391 1262 innocentem
2452 1219 2589 1263 non

441 1307 753 1386 oportere.
843 1303 1011 1368 Tum
1056 1304 1356 1388 frequens
1404 1306 1663 1369 senatus
1712 1303 1792 1368 ad
1836 1303 2035 1367 istum
2076 1303 2282 1388 venit,
2326 1304 2586 1388 pollice-

435 1412 545 1473 tur
586 1410 863 1495 signum.
951 1410 1053 1475 Ita
1099 1409 1373 1495 Sopater
1416 1411 1494 1475 de
1541 1414 1756 1475 statua
1801 1408 1865 1473 O.
1902 1409 2219 1494 Marcelli,
2263 1432 2410 1476 cum
2456 1412 2585 1475 iam

358 1536 412 1576 10
436 1538 637 1600 paene
684 1517 1100 1602 obriguisset,
1144 1518 1256 1581 vix
1298 1518 1483 1581 vivus
1531 1517 1835 1580 aufertur.

613 1624 768 1689 Non
830 1647 1096 1708 possum
1160 1623 1471 1707 disposite
1535 1624 1734 1687 istum
1799 1644 2127 1707 accusare,
2189 1625 2247 1687 si
2303 1625 2586 1708 cupiam3

438 1752 600 1814 opus
657 1736 757 1795 est
813 1754 947 1796 non
1007 1732 1219 1795 solum
1265 1730 1557 1815 ingenio,
1601 1751 1824 1794 verum
1871 1730 2064 1794 etiam
2113 1730 2384 1795 artificio
2432 1751 2588 1815 quo-

438 1838 584 1901 dam
643 1837 972 1924 singulari.
1062 1836 1284 1903 Unum
1337 1837 1465 1902 hoc
1511 1838 1756 1901 crimen
1798 1836 2054 1901 videtur
2098 1859 2235 1902 esse
2282 1842 2348 1901 et
2393 1861 2431 1902 a
2474 1860 2579 1901 me
2617 1853 2687 1902 88

436 1967 552 2028 pro
612 1967 743 2009 uno
808 1946 1074 2029 ponitur
1136 1945 1214 2009 de
1266 1944 1585 2010 Mercurio
1632 1943 1814 2029 Tynd
1822 1944 2100 2028 aritan03
2163 1945 2351 2028 plura
2414 1948 2585 2028 sunt,

358 2068 409 2109 15
437 2053 545 2116 sed
592 2075 668 2117 ea
714 2075 842 2137 quo
889 2056 1080 2136 pacto
1128 2051 1522 2137 distinguere
1569 2073 1644 2116 ac
1691 2074 1983 2135 separare
2029 2052 2303 2135 possim,
2345 2052 2580 2117 nescio.

435 2157 574 2223 Est
638 2159 1135 2243 pecuniarum
1201 2163 1626 2241 captarum,
1690 2159 1861 2241 quod
1927 2158 2186 2243 signum
2251 2158 2331 2221 ab
2391 2158 2581 2222 sociis

434 2265 743 2348 pecuniae
779 2287 1051 2350 magnae
1089 2264 1380 2348 sustulit,
1416 2269 1531 2329 est
1565 2266 2001 2348 peculatus,
2038 2263 2210 2348 quod
2246 2264 2578 2348 publicum

434 2372 660 2457 populi
688 2370 965 2437 Romani
1001 2372 1258 2457 signum
1296 2372 1375 2437 de
1409 2372 1647 2456 praeda
1671 2371 1959 2438 hostium
1989 2375 2270 2456 captum,
2294 2370 2580 2455 positum

433 2479 838 2564 imperatoris
905 2480 1112 2545 nostri
1182 2480 1444 2544 nomine
1515 2503 1651 2545 non
1722 2480 2045 2544 dubitavit
2116 2478 2393 2562 auferre,
2466 2483 2581 2543 est

354 2603 408 2644 zo
434 2588 893 2670 maiestatis,
930 2587 1102 2670 quod
1139 2586 1396 2671 imperii
1428 2588 1664 2670 nostri,
1699 2587 1970 2673 gloriae,
2004 2608 2218 2650 rerum
2252 2589 2579 2672 gestarum

435 2697 854 2758 monumenta
897 2699 1180 2759 evertere
1227 2698 1421 2779 atque
1466 2698 1796 2778 asportare
1841 2715 2034 2759 ausus
2082 2697 2207 2776 est,
2262 2695 2377 2757 est
2423 2714 2580 2757 sce-

433 2800 646 2882 leris,
674 2801 847 2884 quod
874 2801 1218 2884 religiones
1247 2802 1558 2865 maximas
1586 2801 1883 2882 violavit,
1911 2804 2027 2864 est
2055 2800 2580 2882 crudelitatiS,

436 2903 608 2988 quod
663 2906 734 2967 in
783 2905 1192 2969 innocentem
1237 2905 1598 2988 hominem,
1641 2906 1711 2968 in
1755 2906 2002 2969 socium
2047 2909 2333 2969 vestrum
2382 2910 2576 2989 atque

434 3010 712 3077 amicum
767 3031 1010 3074 novum
1067 3014 1131 3075 et
1186 3010 1512 3096 singulare
1566 3011 1869 3094 supplicii
1914 3031 2115 3097 genus
2164 3012 2580 3097 excogitavit3

351 3135 404 3176 25
431 3118 628 3182 illud
682 3140 859 3182 vero
917 3117 1096 3202 quid
1153 3117 1282 3201 sit,
1339 3118 1483 3181 iam
1530 3139 1684 3182 non
1728 3139 1919 3201 queo
1968 3117 2248 3200 dicere,
2293 3138 2421 3201 quo
2465 3139 2579 3180 no·
2614 3135 2683 3184 89

433 3225 605 3288 mine
670 3226 988 3309 appellem
1059 3225 1307 3309 nescio,
1370 3224 1572 3309 quod
1632 3224 1704 3288 in
1766 3222 1831 3288 C.
1877 3224 2231 3289 Marcelli
2302 3228 2576 3289 statua.

434 3330 602 3407 Quid
648 3335 746 3396 est
789 3331 958 3397 hoc‘?
1028 3331 1428 3397 Patronusne
1475 3330 1649 3415 quod
1695 3330 1874 3396 erat?
1954 3330 2123 3408 Quid
2168 3330 2353 3396 tum?
2433 3331 2575 3408 Quo

430 3437 497 3501 id
543 3437 836 3521 spectat?
878 3437 1117 3503 Utrum
1177 3462 1252 3503 ea
1308 3460 1409 3504 res
1470 3438 1551 3502 ad
1612 3460 1802 3522 opem
1863 3461 1946 3503 an
2005 3439 2085 3503 ad
2144 3438 2574 3503 calamitatem

432 3544 763 3609 clientium
817 3548 1011 3627 atque
1064 3545 1395 3629 hospitum
1450 3545 1663 3609 valere
1716 3544 2034 3609 debebat?
2122 3543 2238 3610 An
2294 3548 2378 3609 ut
2431 3544 2575 3610 hoc

351 3670 406 3710 so
433 3650 904 3735 ostendereS,
941 3656 1209 3716 contra
1243 3653 1394 3716 vim
1431 3656 1638 3716 tuam
1684 3653 1762 3716 in
1805 3651 2155 3736 patronis
2201 3651 2575 3735 praesidii

429 3757 631 3821 nihil
678 3757 885 3822 esse?
956 3757 1114 3834 Quis
1158 3781 1293 3824 non
1335 3759 1462 3824 hoc
1508 3760 1939 3845 intellegeret,
1972 3760 2044 3823 in
2078 3759 2360 3843 improbi
2394 3782 2575 3843 prae-

430 3864 628 3928 sentis
694 3865 965 3948 imperio
1019 3866 1327 3931 maiorem
1383 3889 1521 3932 esse
1565 3868 1698 3931 vim
1747 3890 1939 3952 quam
1985 3868 2056 3931 in
2100 3867 2419 3931 bonorum
2467 3868 2574 3931 ab·

430 3972 708 4036 sentium
763 3972 1168 4056 patrocinio?
1255 3972 1364 4038 An
1406 3995 1558 4038 vero
1619 3997 1701 4038 ex
1743 3973 1870 4039 hoc
1913 3974 2027 4038 illa
2069 3977 2185 4037 tua
2228 3973 2571 4058 singularis

430 4078 830 4162 significatur
880 4080 1252 4165 insolentia,
1305 4081 1632 4165 superbia,
1686 4079 2132 4146 contumacia?
2220 4079 2572 4143 Detrahere

349 4204 403 4244 ³5
431 4184 728 4250 videlicet
785 4187 1029 4271 aliquid
1088 4190 1152 4251 te
1212 4187 1291 4252 de
1346 4186 1769 4272 amplitudine
1814 4186 2262 4251 Marcellorum
2307 4184 2572 4266 putasti.

539 4307 722 4348 Ciceros
744 4309 990 4360 Verrinen,
1020 4323 1062 4350 v,
1083 4312 1242 4351 Bardt.
1290 4312 1416 4351 Text.
2108 4314 2141 4359 4
