3175 4800
420 1700 523 1749 100

423 3306 523 3355 101

561 359 649 422 54
1216 353 1309 407 111.
1347 354 1431 406 De
1470 352 1664 423 signis.
1722 351 2047 422 (Auswahl)

563 517 1015 582 Catinenses
1064 517 1286 581 eadem
1330 516 1672 602 religione,
1719 538 1845 598 qua
1881 513 2153 596 Romae,
2200 536 2327 597 qua
2372 514 2443 577 in
2480 514 2706 579 ceteris

559 625 749 708 locis,
805 647 932 708 qua
984 646 1186 708 prope
1241 623 1310 687 in
1362 626 1502 687 toto
1560 622 1714 687 orbe
1761 625 2092 686 terrarum.
2183 620 2261 686 In
2306 642 2382 685 eo
2431 620 2706 686 sacrario

561 731 789 796 intimo
838 731 1140 817 signum
1195 730 1348 794 fuit
1396 727 1693 793 Cereris
1739 729 2313 812 perantiquum,
2368 727 2540 812 quod
2586 728 2709 792 viri

561 862 694 904 non
739 837 931 902 modo
980 837 1160 902 cuius
1201 836 1375 902 modi
1414 840 1609 919 esset,
1654 835 1765 900 sed
1800 858 1883 900 ne
1921 857 2058 900 esse
2097 835 2356 919 quidem
2395 835 2707 919 sciebant3

562 945 771 1010 aditus
839 945 1012 1009 enim
1073 944 1144 1007 in
1204 943 1270 1007 id
1337 943 1683 1008 sacrarium
1747 964 1882 1008 non
1946 947 2043 1007 est
2107 942 2288 1026 viris3
2354 964 2533 1008 sacra
2594 965 2710 1027 per
2738 963 2762 1003 5

562 1052 859 1116 mulieres
908 1073 981 1116 ac
1029 1051 1307 1138 virgines
1356 1050 1588 1115 confici
1635 1051 1861 1115 solent.
1953 1049 2116 1115 Hoc
2164 1028 2464 1135 signum
2510 1053 2709 1117 noctu

562 1160 728 1224 clam
802 1158 1033 1225 istius
1109 1157 1312 1222 servi
1385 1180 1465 1221 ex
1536 1158 1650 1222 illo
1722 1156 2207 1243 religiosissimo
2283 1160 2476 1240 atque
2549 1157 2710 1221 anti-

564 1264 872 1348 quissimo
945 1266 1089 1329 loco
1176 1265 1680 1329 sustulerunt.
1799 1262 2187 1328 Postridie
2270 1263 2707 1329 sacerdotes

564 1371 807 1436 Cereris
846 1375 1039 1454 atque
1078 1370 1251 1434 illius
1289 1369 1424 1434 fani
1461 1371 1817 1455 antistitae,
1861 1370 2133 1435 maiores
2170 1374 2358 1455 natu,
2401 1370 2707 1454 probatae

563 1500 636 1543 ac
699 1479 948 1542 nobiles
1010 1477 1337 1560 mulieres,
1400 1501 1555 1543 rem
1622 1478 1709 1543 ad
1773 1477 2274 1563 magistratus
2342 1498 2521 1543 suos
2588 1476 2709 1542 de·
2739 1498 2791 1538 ιο

561 1584 836 1650 ferunt.
913 1583 1227 1649 Omnibus
1268 1586 1598 1669 acerbum,
1634 1585 2001 1671 indignum,
2034 1585 2404 1649 luctuosum
2433 1584 2708 1668 denique

561 1691 914 1757 videbatur.
999 1691 1165 1756 Tum
1212 1692 1363 1757 iste
1409 1695 1739 1777 permotus
1787 1692 1901 1756 illa
1946 1692 2282 1756 atrocitate
2319 1692 2592 1778 negotii,
2637 1696 2711 1756 ut

563 1799 642 1862 ab
701 1820 767 1863 se
825 1799 1079 1863 sceleris
1138 1798 1312 1863 illius
1362 1799 1643 1882 suspicio
1691 1798 2163 1883 demoveretur,
2223 1799 2351 1862 dat
2410 1797 2704 1882 hospiti

563 1927 697 1969 suo
738 1905 1035 1968 cuidam
1073 1905 1501 1991 negotium,
1545 1909 1629 1970 ut
1667 1905 1999 1988 aliquem
2035 1906 2446 1990 reperiret,
2492 1927 2710 1989 quem

562 2011 757 2075 illud
817 2011 1096 2077 fecisse
1150 2011 1669 2096 insimularet,
1723 2011 2028 2096 daretque
2077 2035 2364 2097 operam,
2408 2016 2483 2076 ut
2526 2012 2582 2076 is
2631 2034 2704 2076 eo
2734 2030 2784 2071 15

563 2118 828 2183 crimine
887 2118 1324 2203 damnaretur,
1382 2143 1462 2183 ne
1517 2119 1658 2203 ipse
1704 2123 1871 2184 esset
1916 2120 1988 2184 111
2032 2121 2313 2185 0111111110.
2404 2118 2532 2184 Res
2578 2141 2712 2183 non

564 2227 1085 2309 procrastinatur.
1191 2226 1362 2291 Nam
1439 2248 1584 2291 cum
1659 2226 1781 2291 iste
1847 2226 2073 2292 Catina
2134 2227 2462 2311 profectus
2526 2229 2709 2305 esset,

564 2332 732 2396 servi
787 2332 1118 2397 cuiusdam
1165 2355 1402 2397 nomen
1449 2333 1759 2418 defertur3
1813 2333 1867 2397 is
1916 2337 2279 2418 accusatur,
2332 2333 2470 2422 ficti
2514 2335 2709 2398 testes

564 2440 634 2503 in
672 2462 818 2504 eum
857 2440 1105 2504 dantur.
1181 2439 1344 2504 Rem
1384 2444 1653 2505 cunctus
1692 2444 1951 2505 senatus
1991 2439 2428 2506 Catinensium
2456 2440 2708 2526 legibus

563 2545 904 2612 iudicabat.
999 2546 1373 2613 Sacerdotes
1431 2551 1769 2631 vocantur3
1825 2570 1905 2611 ex
1956 2547 2034 2612 iis
2093 2547 2421 2630 quaeritur
2464 2551 2706 2612 secreto
2736 2567 2789 2607 so

564 2653 632 2715 in
669 2653 872 2735 curia,
915 2654 1069 2736 quid
1108 2676 1244 2719 esse
1282 2655 1525 2719 factum
1563 2655 2052 2736 arbitrarentur,
2100 2675 2289 2737 quem
2329 2654 2408 2718 ad
2446 2654 2706 2719 modum

565 2759 822 2845 signum
881 2764 1047 2824 esset
1104 2762 1407 2825 ablatum.
1501 2760 1920 2846 Respondent
1965 2762 2114 2825 illae
2160 2760 2471 2846 praetoris
2517 2760 2586 2823 in
2629 2781 2705 2823 eo

564 2869 709 2932 loco
767 2888 983 2932 servos
1040 2889 1176 2932 esse
1232 2868 1421 2933 visos.
1513 2867 1670 2951 Res,
1725 2890 1888 2951 quae
1943 2870 2110 2932 esset
2163 2868 2293 2932 iam
2348 2871 2535 2932 antea
2577 2888 2711 2931 non

565 2975 865 3059 obscura,
938 2975 1341 3040 sacerdotum
1414 2975 1785 3040 testimonio
1859 2975 2198 3059 perspicua
2270 2997 2408 3040 esse
2482 2975 2694 3059 coepit

563 3081 704 3147 Itur
747 3083 816 3147 in
864 3082 1234 3167 consilium;
1290 3105 1552 3148 servus
1610 3083 1746 3146 ille
1800 3081 2168 3146 innocens
2228 3081 2525 3145 omnibus
2573 3101 2710 3144 sen·
2738 3100 2790 3141 35

563 3190 783 3253 tentiis
841 3190 1306 3273 absolvitur,
1362 3212 1488 3272 quo
1546 3189 1798 3254 facilius
1845 3210 1960 3253 vos
2008 3189 2180 3252 hunc
2229 3187 2527 3251 omnibus
2575 3209 2714 3252 sen-

564 3295 782 3359 tentiis
833 3295 1255 3360 condemnare
1303 3297 1579 3380 possitis.
1656 3296 1825 3372 Quid
1865 3296 2035 3361 enim
2072 3296 2392 3379 postulas,
2437 3292 2714 3359 Verres?

566 3401 735 3478 Quid
803 3423 1050 3486 speras,
1115 3402 1268 3486 quid
1334 3408 1630 3487 expectas
1642 3453 1660 3486 ,
1726 3425 1917 3487 quem
1981 3402 2104 3466 tibi
2168 3407 2280 3467 aut
2346 3401 2536 3465 deum
2602 3403 2713 3464 aut

563 3508 893 3574 hominem
960 3510 1197 3574 auxilio
1265 3511 1556 3576 futurum
1620 3509 1854 3595 putas?
1957 3509 2140 3573 Eone
2214 3512 2288 3573 tu
2352 3529 2568 3572 servos
2634 3506 2712 3571 ad

566 3617 971 3701 spoliandum
1027 3617 1251 3682 fanum
1306 3617 1632 3683 inmittere
1688 3638 1880 3683 ausus
1929 3638 2024 3699 es,
2081 3637 2208 3699 quo
2254 3615 2493 3680 liberos
2542 3613 2713 3679 adire
2742 3635 2793 3674 3⁰

564 3747 646 3788 ne
707 3724 930 3787 orandi
992 3724 1249 3806 quidem
1312 3746 1502 3788 causa
1561 3725 1657 3789 fas
1720 3723 1899 3788 erat‘?
1990 3722 2188 3788 Eisne
2233 3723 2424 3787 rebus
2487 3743 2712 3786 manus

566 3828 812 3894 adferre
857 3852 991 3893 non
1037 3829 1374 3915 dubitasti,
1429 3856 1466 3896 a
1513 3833 1745 3915 quibus
1794 3832 1987 3895 etiam
2037 3832 2257 3895 oculos
2306 3829 2602 3895 cohibere
2649 3831 2713 3890 te

564 3936 952 4022 religionum
1015 3937 1157 4001 iura
1221 3938 1582 4024 cogebant?
1691 3938 1976 4003 Tametsi
2038 3960 2121 4002 ne
2186 3938 2387 4003 oculis
2454 3933 2709 4017 quidem

567 4048 791 4128 captus
838 4045 908 4109 in
951 4044 1118 4109 hanc
1164 4045 1454 4109 fraudem
1500 4050 1636 4111 tam
1683 4046 2057 4111 sceleratam
2105 4066 2178 4108 ac
2224 4048 2357 4110 tam
2403 4040 2714 4105 nefariam

567 4150 885 4237 decidisti3
931 4175 1081 4216 nam
1129 4151 1194 4215 id
1244 4153 1633 4237 concupisti,
1689 4152 1861 4236 quod
1907 4173 2260 4235 numquam
2307 4149 2556 4214 videras
2567 4198 2587 4232 ,
2630 4147 2717 4230 id,
2744 4166 2796 4207 85
