3175 4800
491 1527 559 1576 84

595 386 679 451 96
1191 380 1284 434 IV.
1325 381 1409 434 De
1448 380 1760 449 suppliciis,
1820 380 2151 450 (Auswahl.)

596 545 867 631 querar}>
973 499 1275 715 &omine
1347 543 1599 608 homini
1670 544 1898 630 legati,
1971 544 2356 629 quaestoris,
2428 544 2746 629 praetoris

596 653 872 737 denique
917 655 1174 737 potesta
1204 673 1333 734 em,
1362 651 1722 734 honorem,
1768 650 2216 716 auctoritatem
2265 650 2444 715 dari?
2535 649 2615 715 si
2669 655 2744 716 te

595 760 1072 844 impediebat
1117 758 1269 824 ista
1307 757 1750 823 conviviorum
1788 759 2258 842 mulierumque
2306 759 2746 842 occupatio,

594 867 725 932 ubi
787 871 1269 951 quaestores,
1326 866 1441 931 ubi
1485 864 1713 951 legati,
1773 864 2047 950 denique
2092 866 2207 930 ubi
2251 864 2586 950 praefecti,
2632 865 2746 930 ubi

594 975 839 1039 tribuni
885 974 1026 1039 tui‘?
1108 972 1179 1038 Si
1225 973 1382 1043 civis
1421 963 1752 1037 Romanus
1800 973 2032 1059 dignus
2079 972 2204 1037 isto
2251 972 2514 1058 negotio
2552 994 2742 1037 nemo
2775 994 2801 1035 5

594 1081 747 1166 fuit,
802 1081 956 1166 quid
1012 1081 1332 1164 civitates,
1387 1102 1550 1164 quae
1604 1080 1674 1144 in
1720 1080 2003 1144 amicitia
2046 1079 2301 1163 fide‘que
2346 1079 2574 1163 populi
2620 1078 2746 1143 Ro-

595 1189 771 1254 mani
815 1192 1128 1273 perpetuo
1175 1187 1585 1275 manserant?
1674 1186 1828 1252 Ubi
1885 1184 2333 1272 Segestana,
2386 1186 2519 1251 ubi
2564 1184 2747 1254 Cen-

597 1295 944 1379 turipina
1014 1295 1337 1360 civitas?
1428 1294 1605 1372 Quae
1667 1315 1814 1359 cum
1875 1294 2136 1378 officiis,
2198 1295 2353 1378 fide,
2407 1296 2746 1376 vetustate,

597 1406 737 1467 tum
799 1403 992 1467 etiam
1054 1402 1437 1488 cognatione
1495 1402 1726 1485 populi
1773 1401 2050 1466 Romani
2103 1424 2344 1468 nomen
2399 1392 2745 1487 attingunt.
2809 1462 2853 1482 ,,

599 1508 653 1574 O
703 1510 768 1573 di
812 1509 1242 1574 immortales!
1336 1507 1547 1586 Quid?
1640 1507 1710 1574 Si
1763 1508 1996 1573 harum
2059 1510 2346 1594 ipsarum
2411 1508 2744 1576 civitatum
2775 1532 2829 1570 10

597 1616 933 1701 militibus,
967 1606 1260 1700 navibus,
1294 1616 1634 1687 nauarchis
1666 1614 2104 1701 Syracusanus
2136 1615 2508 1682 Cleomenes
2535 1616 2746 1681 iussus

598 1727 695 1789 est
740 1725 1082 1809 imperare,
1127 1746 1260 1788 non
1307 1722 1515 1787 omnis
1561 1721 1771 1787 honos
1820 1724 1900 1788 ab
1949 1725 2075 1788 isto
2125 1723 2489 1810 dignitatis,
2535 1722 2748 1807 aequi-

596 1831 748 1895 tatis
812 1830 1138 1914 officiique
1199 1831 1490 1895 sublatus
1519 1902 1523 1906 ‚
1552 1829 1694 1894 est?
1783 1830 2078 1914 Ecquod2
2114 1831 2185 1896 in
2231 1829 2472 1898 Sicilia
2502 1830 2747 1895 bellum

561 1938 941 2023 gessimus,
1002 1938 1160 2021 quin
1219 1933 1654 2021 Centuripinis
1711 1939 1930 2022 sociis,
1986 1936 2401 2023 Syracusanis
2447 1915 2743 2001 hostibus

496 3667 564 3715 86

596 2044 967 2109 uteremur?
1037 2043 1255 2128 Atque
1299 2044 1459 2109 haec
1506 2066 1626 2130 ego
1676 2045 1756 2109 ad
1794 2045 2169 2110 memoriam
2204 2043 2573 2126 vetustatis,
2608 2064 2742 2107 non
2773 2062 2824 2104 15

598 2152 678 2216 ad
753 2152 1208 2217 contumeliam
1283 2152 1559 2217 civitatis
1631 2151 1856 2233 referri
1920 2153 2084 2217 volo,
2183 2149 2410 2234 Itaque
2473 2149 2583 2214 ille
2645 2149 2750 2214 vir-

599 2259 989 2333 clarissimus
1036 2280 1453 2342 summusque
1507 2260 1886 2344 imperator,
1942 2250 2028 2324 M.
2064 2250 2506 2341 Marcellus,
2566 2256 2746 2322 cuius

598 2368 836 2433 virtute
891 2371 1144 2452 captae,
1203 2366 1641 2432 misericordia
1696 2370 2108 2434 conservatae
2165 2369 2317 2432 sunt
2377 2363 2751 2450 Syracusae,

596 2475 951 2540 habitare
998 2476 1066 2539 in
1113 2498 1187 2539 ea
1231 2478 1415 2559 parte
1450 2474 1659 2559 urbis,
1706 2496 1870 2559 quae
1916 2475 1994 2538 in
2038 2473 2309 2539 Insula
2354 2476 2476 2554 est,
2524 2469 2747 2556 Syra-

600 2603 963 2646 cusanum
1001 2582 1378 2646 neminem
1407 2583 1687 2666 voluit3
1723 2581 1935 2666 ho'die,
1961 2581 2245 2664 inquam,
2272 2576 2745 2664 Syracusanum
2775 2599 2830 2638 20

597 2689 668 2753 in
713 2711 787 2753 ea
831 2692 1012 2772 parte
1057 2688 1349 2753 habitare
1386 2711 1528 2753 non
1571 2690 1752 2773 licet3
1800 2692 1897 2753 est
1942 2687 2112 2752 enim
2157 2688 2367 2770 locus,
2406 2708 2597 2770 quem
2643 2676 2750 2750 vel

598 2796 820 2880 pauci.
857 2795 1112 2880 possint
1185 2795 1538 2860 defendere.
1651 2795 2066 2863 Committere
2138 2793 2341 2880 igitur
2404 2816 2552 2858 eum
2615 2815 2750 2857 non

598 2902 987 2967 fidelissimis
1046 2902 1419 2968 hominibus
1478 2904 1718 2988 noluit,
1765 2904 1973 2967 simul
2030 2901 2203 2985 quod
2257 2901 2337 2965 ab
2394 2900 2508 2965 illa
2565 2903 2747 2984 parte

599 3011 776 3075 urbis
840 3011 1111 3075 navibus
1178 3010 1386 3075 aditus
1453 3033 1541 3075 ex⁴
1597 3012 1728 3075 alto
1796 3014 1911 3075 est.
2004 3008 2211 3085 Quam
2268 3007 2352 3071 ob
2407 3029 2571 3089 rem,
2636 3005 2748 3089 qui

599 3122 854 3198 nostros
903 3118 1218 3182 exercitus
1265 3139 1454 3202 saepe
1493 3119 1923 3199 excluserant,
1963 3116 2052 3180 eis
2102 3115 2381 3178 claustra
2416 3112 2545 3177 loci
2575 3132 2744 3175 com·
2774 3130 2828 3170 25

600 3225 916 3294 mittenda
961 3247 1095 3289 non
1142 3225 1551 3290 existimavit.
2690 3216 2694 3223 ¹

792 3321 1001 3396 Welch
1071 3333 1174 3400 ein
1259 3331 1655 3398 Unterschied
1724 3332 2026 3397 zwisalten
2100 3330 2208 3394 der
2280 3328 2748 3409 leichtsinniqen

613 3422 939 3520 &ppiykeit
1000 3439 1104 3504 des
1172 3438 1386 3504 Verres
1447 3442 1583 3504 und
1645 3440 1782 3504 dem
1827 3437 2188 3522 yehaltenen
2241 3435 2445 3499 Ernst
2492 3452 2748 3498 unserer

601 3545 866 3611 Ahnen!

779 3653 1199 3740 Egreditur
1256 3654 1326 3717 in
1386 3652 1805 3738 Centuripina
1867 3649 2254 3737 quadriremi
2301 3647 2746 3713 Cleomenes
2778 3665 2829 3704 80

603 3783 637 3824 e
693 3764 915 3844 portu3
990 3745 1281 3844 sequitur
1326 3760 1679 3847 Segestana
1723 3760 1932 3844 navis,
1995 3757 2458 3842 Tyndaritana,
2520 3752 2749 3817 Herbi-

602 3865 830 3950 tensis,
874 3866 1333 3952 Heracliensis,
1368 3867 1879 3953 Apolloniensis,
1924 3865 2310 3948 Haluntina,
2353 3860 2752 3947 praeclara

605 3963 873 4040 classis
922 3976 1204 4059 specie,
1251 3975 1361 4039 sed
1397 3976 1584 4059 inops
1626 3978 1690 4039 et
1725 3974 1984 4039 infirma
2017 3976 2285 4057 propter
2310 3965 2749 4034 dimissionem

474 4095 482 4101 “
601 4087 1156 4172 propugnatorum
1204 4086 1396 4167 atque
1440 4083 1776 4168 remigum.
1852 4082 2013 4146 Tam
2060 4080 2170 4143 diu
2215 4079 2286 4142 in
2320 4062 2590 4159 imperio
2631 4095 2748 4138 suo

605 4192 872 4255 classem
927 4190 1049 4254 iste
1104 4194 1363 4274 praetor
1418 4191 1692 4275 diligens
1743 4188 1927 4271 vidit,
1983 4209 2176 4272 quam
2224 4186 2335 4250 diu
2381 4182 2751 4249 convivium
2780 4198 2830 4238 85
