3175 4800
429 770 494 817 15

430 935 433 938 Α
528 865 854 944 yeworden
899 883 1054 944 war,
1107 862 1219 925 hat
1258 861 1472 926 Verres
1512 862 1943 944 freiyelassen,
1989 862 2160 927 nicht
2203 863 2344 928 weil
2379 863 2511 928 sich
2546 863 2682 927 ihre

428 1197 493 1245 16

537 379 572 441 7
579 380 618 443 6
1131 375 1224 430 IV.
1264 376 1349 430 De
1387 376 1698 445 suppliciis,
1756 376 2085 446 (Auswahl.)

531 539 928 624 rationisque
967 540 1416 604 damnatorum
1454 540 1587 604 vita
1624 542 1728 604 vel
1764 540 1907 623 ipso
1949 540 2245 605 carnifice
2283 540 2683 607 internuntio

531 646 969 712 redimeretur.

710 755 894 820 Auch
956 756 1183 819 andere
1247 753 1540 833 Sklmaen,
1600 776 1791 837 ‚qeyen
1854 755 1954 819 die
2016 756 2119 820 ein
2187 754 2489 820 Verdacht
2551 756 2684 821 laub

545 968 860 1034 Unschuld
916 968 1396 1050 herausyestellt,
1449 969 1720 1034 sondern
1775 969 1915 1034 weil
1968 990 2121 1034 man
2175 969 2307 1033 ihm
2373 967 2535 1034 θεῖά
2581 991 2682 1052 ye-
2711 989 2734 1028 5

531 1075 700 1139 zahzt
744 1075 869 1140 hat.
1613 1059 1618 1064 ’

714 1181 930 1259 Quid?
1016 1181 1123 1246 De
1170 1181 1636 1265 Apolloni0,
1681 1181 1896 1247 Diocli
1941 1183 2109 1266 filio,
2154 1182 2682 1267 Panhormitano,

533 1290 637 1353 cui
675 1287 943 1353 Gemino
993 1310 1354 1375 cognomen
1391 1292 1516 1372 est,
1558 1289 1894 1372 praeteriri
1931 1289 2195 1371 potest?
2265 1288 2520 1373 Ecquid
2555 1291 2680 1355 hoc

454 1445 463 1451 .
531 1399 670 1459 tota
717 1394 939 1459 Sicilia
994 1396 1258 1478 clarius,
1313 1395 1542 1478 ecquid
1588 1396 1947 1481 indignius,
2000 1397 2229 1478 ecquid
2275 1396 2677 1460 manifestius

531 1490 812 1585 proferri⁴
876 1502 1134 1586 potest?
1223 1502 1460 1585 Quem,
1531 1506 1607 1566 ut
1670 1501 2109 1567 Panhormum
2181 1503 2385 1586 venit,
2457 1504 2537 1567 ad
2611 1525 2678 1567 se
2709 1523 2759 1561 ιο

479 1678 483 1682 ,
530 1609 748 1674 vocari
804 1613 867 1674 et
923 1610 1000 1674 de
1055 1610 1365 1674 tribunali
1420 1609 1606 1674 citari
1660 1609 1850 1690 iussit
1906 1630 2222 1674 concursu
2276 1631 2511 1696 magno
2558 1610 2678 1674 fre-

532 1718 921 1800 quentiaque
969 1721 1340 1781 conventus.
1431 1714 1748 1781 Homines
1811 1717 2028 1782 statim
2077 1716 2289 1800 loqui:
2354 1716 2681 1799 ‘Mirabar,

532 1825 703 1907 quod
767 1822 1183 1908 Apollonius,
1255 1823 1451 1887 homo
1516 1823 1933 1907 pecuniosus,
2006 1828 2140 1888 tam
2215 1823 2326 1887 diu
2399 1823 2480 1888 ab
2554 1796 2680 1888 i‘is‘t’o

531 1935 817 1995 maneret
861 1931 1138 2017 integer3
1163 1931 1575 2015 excogitavit
1611 1932 1828 1995 nescio
1869 1932 2052 2014 quid,
2099 1931 2345 2014 attulit3
2387 1931 2679 2014 profecto

527 2038 724 2103 homo
800 2038 976 2102 dives
1049 2042 1313 2121 repente
1378 2061 1417 2102 a
1480 2037 1682 2102 Verre
1745 2061 1879 2103 non
1943 2038 2080 2103 sine
2140 2059 2333 2102 causa
2398 2038 2674 2103 citatur?
2707 2056 2756 2095 15

528 2143 912 2228 Expectatio
989 2166 1241 2209 summa
1311 2144 1680 2227 hominum,
1753 2145 2059 2228 quidnam
2123 2145 2190 2209 id
2264 2149 2460 2229 esset,
2532 2167 2676 2211 cum

531 2252 930 2316 exanimatus
995 2252 1210 2316 subito
1276 2252 1414 2334 ipse
1480 2251 1757 2328 accurrit
1822 2273 1968 2316 cum
2034 2253 2441 2318 adulescente
2514 2254 2679 2336 filio;

426 2373 489 2420 17
530 2381 679 2423 nam
716 2362 901 2443 pater
937 2359 1197 2445 grandis
1235 2363 1394 2424 natu
1421 2359 1551 2423 iam
1588 2359 1701 2423 diu
1736 2360 1906 2425 lecto
1945 2360 2301 2425 tenebatur.
2364 2359 2678 2426 Nominat

529 2467 651 2531 iste
707 2488 991 2550 servum,
1047 2489 1239 2550 quem
1294 2466 1678 2552 magistrum
1733 2468 1983 2550 pecoris
2033 2489 2170 2532 esse
2217 2467 2483 2551 diceret3
2528 2490 2674 2531 eum

463 2577 468 2583 ”
529 2574 687 2638 dicit
733 2575 1097 2638 coniurasse
1145 2577 1210 2638 et
1254 2574 1531 2638 familias
1580 2570 1953 2639 concitasse.
2027 2572 2089 2638 Is
2139 2574 2401 2639 omnino
2451 2595 2669 2639 servus
2701 2591 2753 2629 20

427 2692 430 2695 ’
508 2681 597 2771 ‘in
641 2680 888 2744 familia
931 2703 1066 2760 non
1111 2684 1263 2744 erat.
1335 2680 1509 2745 Eum
1556 2681 1777 2745 statim
1828 2681 2117 2745 exhiberi
2161 2682 2358 2746 iubet.
2441 2679 2676 2764 Apol-

527 2788 785 2852 lonius
847 2788 1258 2852 adfirmare
1319 2809 1394 2852 se
1452 2788 1758 2852 omnino
1800 2789 2119 2882 ‚nomine
2178 2789 2319 2854 illo
2377 2809 2673 2852 servum

528 2894 808 2959 habere
877 2896 1272 2960 neminem.
1372 2893 1504 2959 Iste
1572 2876 2272 2979 hominem'abripi
2329 2919 2366 2959 a
2430 2895 2675 2960 tribu-

526 3002 691 3066 nali
755 3004 819 3066 et
882 3003 952 3066 in
991 3000 1332 3067 'carcerem
1397 3002 1606 3067 conici
1669 3003 1865 3067 iubet.
1973 3001 2263 3067 Clamare
2325 3002 2468 3084 ille,
2527 3024 2673 3066 cum

526 3106 884 3193 raperetur,
954 3110 1120 3173 nihil
1184 3131 1251 3173 se
1325 3109 1632 3174 miserum
1693 3110 1948 3202 fecisse,
2018 3109 2185 3172 nihil
2258 3108 2673 3191 commisisse,
2701 3125 2753 3164 2⁵

526 3217 864 3299 pecuniam
904 3216 1029 3281 sibi
1065 3237 1203 3280 esse
1240 3216 1310 3280 in
1344 3217 1715 3282 nominibus
1725 3265 1745 3299 ,
1778 3218 2181 3279 numeratam
2209 3216 2279 3279 in
2313 3214 2676 3300 praesentia

526 3344 660 3386 non
716 3322 969 3387 habere.
1060 3322 1238 3388 Haec
1299 3345 1446 3388 cum
1505 3323 1783 3388 maxime
1845 3344 2097 3387 summa
2154 3322 2492 3387 hominum
2552 3321 2674 3386 fre·

529 3429 791 3512 quentia
850 3430 1331 3513 testificaretur,
1388 3434 1464 3495 ut
1524 3431 1733 3514 quivis
1795 3430 2167 3516 intellegere
2226 3432 2447 3513 posset
2507 3451 2673 3511 eum,

527 3537 700 3619 quod
773 3538 1113 3620 pecuniam
1186 3560 1320 3603 non
1393 3539 1700 3622 dedisset,
1764 3537 2001 3602 idcirco
2067 3539 2181 3601 illa
2244 3541 2378 3601 tam
2445 3536 2672 3600 acerba

525 3644 758 3708 iniuria
813 3644 986 3709 affici
1044 3682 1124 3689 ——
1185 3667 1332 3710 cum
1387 3646 1694 3728 maxime,
1748 3628 1822 3709 ut
1878 3645 2049 3727 dico,
2102 3645 2228 3709 hoc
2275 3644 2353 3709 de
2398 3643 2672 3728 pecunia
2700 3662 2752 3702 80

528 3753 861 3834 clamaret,
908 3752 985 3815 in
1029 3752 1288 3816 vincla
1335 3753 1733 3817 coniectus
1782 3755 1913 3816 est.
2179 3736 2184 3739 Δ

457 3871 522 3919 18
704 3856 936 3923 Videte
1002 3860 1518 3924 constantiam
1584 3860 1929 3943 praetoris,
2002 3863 2068 3924 et
2140 3860 2276 3924 eius
2341 3858 2674 3943 praetoris,

526 3964 638 4048 qui
681 3963 752 4028 in
795 3965 896 4029 his
934 3966 1124 4030 rebus
1161 3988 1295 4031 non
1332 3967 1423 4030 ita
1460 3966 1868 4051 defendatur,
1911 3971 1987 4032 ut
2022 3966 2361 4031 mediocris
2398 3968 2675 4049 praetor,

525 4073 635 4136 sed
682 4072 774 4136 ita
817 4073 1143 4157 laudetur,
1187 4078 1262 4137 ut
1301 4074 1583 4157 optimus
1622 4074 1989 4157 imperator.
2067 4064 2227 4138 Cum
2275 4093 2672 4137 servorum

528 4177 814 4242 bellum
862 4183 1360 4263 metueretur,
1408 4202 1535 4264 quo
1575 4181 1893 4265 supplicio
1934 4176 2227 4245 dominos
2266 4179 2671 4244 indemnatos
2702 4197 2753 4236 35

3149 515 3158 562 .‚
3119 389 3158 454 3»
3139 318 3159 357 -·,
